2452 3840
428 186 564 222 srauusrs
582 186 771 222 coousrrouvu.
1010 167 1071 232 631

123 313 242 364 stemma
259 309 438 373 inserviisset,
457 309 516 362 sine
529 308 615 385 dubio
627 309 712 361 etiam
730 308 842 376 septimi
859 307 962 376 gradus
978 323 1074 376 perso-

123 394 176 430 nae
190 377 233 430 vel
245 377 344 430 saltem
357 377 468 429 sobrino
484 377 631 428 sobrinave
649 378 730 429 uatus
747 375 851 429 natave
868 375 974 428 relatus
992 375 1073 428 esset.

124 443 317 512 Comperimus
334 443 421 512 igitur
438 458 472 496 ex
484 443 578 495 nostro
596 443 752 507 stemmate,
769 442 977 495 immunitatem
988 441 1074 508 illam,

123 507 1076 645 sistematedilataberislltltdladt

126 646 212 698 etiam
230 644 359 698 omnibus
376 618 441 714 lege’
452 642 536 696 Furia
548 644 672 710 exceptis
684 645 811 711 cognatis
823 643 949 710 dederet,
968 645 1075 710 postea,

125 712 269 777 Hadriani,
288 714 321 765 ut
333 712 439 780 opinor,
458 710 549 764 edicto
567 715 613 775 (an
626 711 659 766 D.
671 709 777 763 Marci?
797 708 835 765 Ca
855 710 915 764 itol.
928 716 968 764 11.
981 709 1075 768 Front.

125 784 212 898 {phat
223 780 313 897 11.)din
326 778 454 898 ⁰mrlibu⁸
468 777 679 896 hereditatigrus,
699 793 768 897 qtrssas
775 777 825 897 {gx
836 727 909 831 lolia
920 778 1076 857 apprehen3

125 861 266 964 diessiam’ildu
276 860 725 990 θεῗῌέιιΠὶιιιιὶιιιξοειξὶιξεῖιΙῗίωιιΙξιξῖιὶίιξεΙ
742 862 775 965 uti
787 860 1078 1030 pldtdsdidirdidlddg

126 978 162 1034 ad
171 979 264 1047 legem
273 977 374 1031 Iuham
386 977 420 1030 de
433 994 566 1032 vicesima
577 977 776 1031 hered1tatrum
800 978 867 1033 ibris
879 978 908 1031 1d
919 979 1076 1046 profectum

125 1061 194 1101 esse.
229 1043 316 1098 Plane
340 1045 364 1097 si
385 1044 505 1113 primam
528 1046 664 1113 originem
690 1048 812 1113 spectas,
839 1045 908 1099 haec
930 1044 965 1099 ad
987 1044 1077 1098 multo

124 1113 185 1166 anti
206 1113 285 1165 uiora
301 1115 429 1181 tempora
441 1112 589 1165 referenda
600 1112 662 1178 erit,
681 1128 744 1165 cum
778 1112 848 1165 risco
861 1128 937 1166 more
950 1111 1077 1166 Romano

125 1129 247 1256 aedideii
269 1179 360 1256 forma
382 1179 412 1231 et
433 1178 570 1255 scalarum
594 1194 657 1231 cum
679 1129 812 1248 gradilus
834 1179 942 1248 effigies
967 1180 1078 1258 servata

124 1249 168 1312 e1t‚
187 1262 265 1300 cuius
281 1263 311 1298 m
328 1245 421 1299 locum
438 1246 592 1312 posteriore
610 1245 723 1299 demum
740 1261 818 1311 aevo,
836 1247 887 1300 ubi
903 1263 950 1300 ma
981 1265 993 1300 s
1011 1260 1078 1299 eun·

124 1314 191 1368 dem
208 1313 284 1366 vitae
303 1314 394 1365 ortum
413 1314 443 1366 et
459 1314 540 1379 quasi
557 1328 668 1366 succum
686 1314 798 1381 nuptias
837 1313 952 1367 rohiben
969 1329 1012 1367 em
1030 1312 1078 1366 de·

125 1380 281 1433 monstrare
293 1379 439 1443 intererat,
454 1381 548 1432 ‘arbor
559 1380 767 1448 cognationum’
781 1380 810 1433 vi
830 1381 893 1433 etur
906 1379 1077 1433 successisse.

192 1444 337 1500 Eiusmodi
354 1444 460 1498 arboris
478 1447 565 1498 ferme
583 1447 612 1498 in
630 1447 751 1514 speciem
768 1447 854 1500 etiam
871 1446 943 1499 illud
960 1447 1079 1499 stemma

125 1513 252 1568 effictum
275 1513 329 1577 est,
353 1512 428 1632 Quod
446 1510 632 1588 Boeokingius
654 1529 688 1566 ex
711 1513 809 1566 eodem
827 1514 887 1567 cod.
908 1512 1076 1578 Victoriam,

145 1597 181 1635 uo
200 1579 339 1634 enarratio
378 1595 393 1632 e
411 1577 544 1647 grad1bus
562 1580 760 1648 cognationum
778 1582 945 1645 continetur,
964 1595 1019 1633 non
1037 1579 1078 1632 in·

124 1599 212 1703 lenus
230 1647 324 1702 seculo
343 1649 441 1723 quarto
459 1646 504 1700 vel
521 1646 619 1714 quinto
637 1647 666 1700 id
684 1663 743 1701 esse
762 1648 847 1714 ratus,
864 1649 971 1716 primus
989 1645 1079 1700 edidit

125 1716 223 1783 illique
251 1715 377 1773 subiecit.
417 1713 477 1766 Hoc
499 1729 566 1766 vero
588 1729 680 1782 neque
706 1714 741 1769 ad
765 1714 835 1768 illud
861 1716 959 1783 caput,
986 1729 1077 1781 neque

125 1782 238 1836 omnino
262 1782 299 1834 ad
321 1782 364 1833 ius
387 1780 634 1834 anteiustinianum
656 1781 886 1849 pertinere,‘sed
907 1781 994 1836 medii
1016 1780 1079 1834 aevi

126 1849 243 1915 eiusque
272 1846 508 1915 iurisprudentias
538 1846 740 1901 ecclesiasticae
769 1849 858 1902 fetum
885 1865 958 1914 esse,
988 1847 1079 1900 multa

127 1914 292 1982 argumento
315 1914 392 1976 sunt,
417 1929 451 1966 ex
474 1911 574 1978 quibus
596 1913 666 1966 haec
685 1913 837 1968 'sufficiant
871 1915 996 1967 Primum
1016 1930 1079 1983 gra·

126 1983 213 2034 duum
232 1979 405 2048 computatio
424 1980 521 2032 contra
537 1979 641 2033 veteris
657 1979 725 2034 iuris
738 1980 857 2034 formam
870 1982 956 2034 etiam
968 1997 985 2034 a
996 1979 1079 2034 Iusti·

125 2051 209 2102 niano
227 2049 380 2113 retentam,
403 2061 475 2114 quae
497 2047 571 2099 intra
593 2046 701 2100 sextum
719 2047 766 2100 vel
787 2047 937 2117 septimum
959 2046 1078 2117 gradum

126 2114 304 2179 subsistebat,
323 2114 360 2167 ad
378 2117 507 2168 octavum
520 2127 606 2180 usque
624 2112 800 2181 perducitur:
819 2129 875 2182 qua
891 2114 926 2167 de
939 2122 1024 2168 causa
1037 2115 1079 2178 (ut

126 2183 196 2235 alias
219 2183 339 2247 taceam)
362 2196 414 2233 nec
435 2179 506 2232 illud
530 2180 661 2244 stemma,
684 2181 760 2248 quod
783 2179 933 2234 Haenelius
956 2179 1078 2234 secundo

126 2249 189 2302 loco
228 2248 309 2313 osuit,
328 2247 418 2301 veteri
436 2245 670 2314 iurisprudentiae
689 2248 742 2300 assi
763 2248 824 2300 nari
840 2248 941 2315 potest.
971 2246 1078 2300 Deinde

125 2316 155 2368 in
167 2315 197 2367 in
211 2314 300 2392 eriore
312 2313 419 2383 figurae
431 2313 512 2390 parte
521 2312 561 2390 ⁸ad
579 2314 703 2434 stipitem
716 2265 831 2392 arionis,
849 2314 896 2382 qui
909 2315 1079 2368 descenden-

126 2384 169 2436 tes
187 2382 320 2446 contrnet,
338 2396 423 2450 caper
440 2396 458 2434 a
474 2383 587 2434 s1n1stra
605 2386 613 2446 (
636 2396 685 2435 aec
703 2398 777 2435 emm
795 2381 899 2449 ubique
912 2383 954 2435 est
970 2397 1078 2435 mascu-

125 2450 238 2517 lorum),
256 2463 342 2517 capra
353 2464 370 2501 a
381 2447 481 2502 dextra
492 2464 521 2502 se
533 2447 653 2502 invicem
666 2449 848 2505 amicabiliter
863 2450 994 2518 petentes
1005 2450 1078 2502 stan·

126 2517 225 2582 tesqua
242 2516 272 2568 in
289 2517 366 2569 terra
393 2530 464 2582 quae
477 2531 494 2568 a
505 2514 605 2582 quinto
623 2515 851 2570 descendentium
863 2516 953 2585 gradu
970 2515 1078 2592 incipit,

108 2582 285 2649 ,superiores
307 2554 409 2650 gradus
432 2581 509 2657 coelo
531 2582 658 2657 tenente,
685 2582 774 2636 multe
790 2599 859 2636 cum
885 2584 946 2636 arte
973 2581 1080 2650 adpreti

127 2649 205 2713 sunt,
229 2663 286 2714 qua
303 2647 509 2701 ‘fecundissimi
531 2648 673 2700 ammalls'
691 2649 802 2717 pictura
822 2664 904 2702 nemo
926 2661 983 2701 non
1000 2648 1080 2702 videt

126 2713 291 2792 significari,
313 2714 446 2783 aquinto
465 2714 578 2791 demum
599 2715 689 2792 gradu
711 2717 824 2834 nusstias
841 2715 990 2783 permissas
1009 2731 1077 2781 esse,

126 2797 281 2850 superiores
298 2782 362 2850 lege
380 2781 496 2835 coelesti
512 2797 530 2834 a
547 2783 652 2849 nuptus
670 2782 751 2850 proh1
772 2783 825 2848 eri,
847 2782 1007 2850 gradusque
1024 2783 1082 2847 hic,

126 2849 194 2901 dum
216 2848 311 2917 plures
333 2848 685 2917 descendentium-stirpes
706 2848 863 2917 finguntur,
886 2850 1079 2919 geniculorum

127 2914 287 2970 Germanici
313 2915 381 2969 iuris
406 2930 488 2970 sensu
514 2915 647 2984 intelligi,
677 2933 708 2968 su
730 2917 848 2971 eriorem
874 2933 940 2972 vero
991 2920 1079 2971 artem

127 2981 244 3050 figurae,
262 2998 335 3049 quae
353 2984 485 3051 cognatos
504 2999 538 3036 ex
556 2982 717 3036 ascendentr
738 3000 770 3036 us
787 3001 839 3052 pro
860 2985 950 3039 enitos
966 2935 1079 3039 demon·

127 3049 206 3115 strat,
222 3050 333 3102 tantum
345 3051 378 3102 ut
389 3050 473 3102 etiarn
486 3048 540 3102 iuri
557 3049 634 3103 civili
647 3051 705 3103 eius
726 3066 761 3104 ue
780 3067 831 3118 gra
851 3069 917 3105 uum
936 3053 1079 3120 computa·

56 3115 198 3177 [aasetioni
214 3115 382 3193 satisfieret,
393 3115 518 3170 additam
537 3133 604 3172 esse.
641 3068 725 3194 Quod
739 3133 806 3195 vero
824 3121 887 3172 octo
910 3119 1012 3188 gradus
1030 3134 1080 3171 nu·

126 3184 284 3247 merantur,
304 3198 384 3249 quaer
400 3184 444 3236 tot
460 3185 577 3238 naturae
595 3183 658 3252 lege
676 3185 744 3248 sint,
766 3201 823 3238 ram
841 3185 1078 3239 commendandae

125 3249 196 3326 legis
213 3248 417 3303 ecclesiasticae
435 3265 519 3303 causa
539 3251 644 3305 factum
662 3253 793 3328 apparet,
817 3268 889 3319 quae
913 3251 1079 3319 aequissime

125 3315 1080 3452 bestialiteralatuiriliterlitteraliter

125 3449 283 3516 symbolum
301 3449 459 3505 clericalem
477 3449 536 3505 olet
553 3452 725 3505 matrimonii
745 3453 931 3516 contemtum,
955 3451 990 3505 ab
1009 3453 1080 3505 anti·

126 3516 235 3584 quitete
253 3517 337 3586 plane
356 3518 487 3585 alienum,
509 3518 550 3571 ite
567 3535 619 3572 nec
636 3519 678 3572 rei
695 3518 909 3572 matrimonialis
926 3519 1017 3586 gratia
1034 3536 1084 3574 ve·
