2452 3840
222 867 559 941 FRAGMENTVM
584 869 647 940 DE
672 868 786 940 IVRE
813 867 948 959 FISOI,

130 1062 171 1102 EX
192 1059 328 1116 variam,
351 1059 391 1102 V‘l'
413 1059 561 1114 VIDE'PVR,
582 1058 772 1102 Rsavnaavn
792 1060 852 1102 VEL
870 1059 1041 1103 OPINIONVM

435 1143 539 1184 LIBRIS
562 1142 733 1185 SERVATVM.

40 1300 99 1349 [ooo]
178 1290 242 1344 Una
259 1307 322 1344 cum
335 1291 399 1344 Gaii
410 1291 646 1356 Institutionibus,
664 1292 735 1346 alius
747 1293 842 1346 tamen
855 1291 957 1346 codicis
968 1298 1061 1360 nequ'e

111 1356 170 1411 eius
187 1358 316 1426 rescripti
334 1374 368 1411 ex
384 1357 518 1424 reliquiis,
536 1358 663 1412 Veronae
682 1360 794 1411 erutum
806 1359 836 1412 et
852 1359 882 1411 in
893 1359 986 1412 lucem
998 1375 1062 1426 pro·

109 1426 231 1478 tractum
249 1426 292 1478 est
308 1425 361 1478 hoc
384 1425 460 1492 quod
482 1442 555 1478 nunc
578 1425 626 1478 viil
648 1441 663 1478 o
685 1427 802 1478 vocatur
818 1424 1008 1493 fragmentum
1027 1426 1062 1480 do

109 1494 170 1546 iure
189 1491 255 1550 fisci.
291 1491 432 1561 Scriptum
454 1492 484 1545 id
506 1493 599 1546 exstat
619 1443 738 1546 *litteris
762 1492 988 1546 semiunciali'bus
1010 1509 1062 1546 nec

110 1559 203 1613 seculo
222 1559 341 1627 septimo
359 1559 406 1613 vel
423 1559 493 1613 adeo
512 1560 610 1627 quinto
627 1558 822 1612 inferioribus*
845 1560 874 1612 in
897 1561 1005 1614 duobus
1021 1561 1062 1613 fo·

109 1627 155 1679 liis
171 1626 254 1680 valde
271 1627 371 1680 laceris
389 1627 419 1679 et
436 1627 598 1695 corrugatis,
618 1643 652 1680 ex
669 1627 750 1679 unius
768 1627 991 1695 complicatione,
1014 1628 1064 1681 *ut

111 1693 275 1770 Goesclieno
292 1693 476 1771 probabiliter
493 1695 622 1759 visum,¹*
643 1695 685 1747 ita
701 1694 795 1757 factis,
814 1696 847 1748 ut
863 1695 938 1748 inter
954 1696 1062 1772 utrum·

109 1759 662 1903 stittlttt‘tmlltttilfat
683 1761 1064 1904 tlttiltlutlfttit

110 1893 269 1962 fragmenta
292 1892 412 1946 dicenda
431 1895 509 1959 sunt,
532 1909 651 1960 quorum
673 1893 793 1946 alterum
816 1910 833 1947 a
854 1899 877 1957 5.
897 1900 937 1947 io.
954 1896 1062 1962 incipit.

110 1961 230 2030 Paginas
276 1961 391 2014 nattuor
416 1960 506 2014 *infra
527 1959 641 2027 quidem
662 1959 721 2014 fere
744 1960 880 2029 integras,
908 1959 957 2014 sed
979 1977 1064 2029 supra

110 2029 232 2081 maxime
251 1978 280 2081 el
297 2027 401 2104 partim
419 2027 448 2080 in
467 2028 606 2081 exteriore
624 2027 750 2096 margine
773 2027 903 2080 mutilas*
925 2028 1064 2095 scriptura

111 2094 235 2163 complet
250 2094 324 2147 binis
341 2094 371 2145 in
389 2111 500 2162 quaque
519 2094 662 2158 columnis,
682 2109 754 2160 quae
773 2093 919 2162 *primitus
936 2093 1063 2148 fuerunt*

111 2177 242 2215 versuum
259 2160 324 2229 plus
341 2176 426 2227 quani
443 2161 574 2214 vicenum
592 2162 768 2228 quaternum,
790 2159 992 2229 *probabiliter
1003 2161 1063 2214 ubi·

131 2244 166 2281 ue
184 2227 314 2281 vicenum
332 2227 470 2294 quinum*
487 2244 639 2294 versusque
656 2227 760 2296 singuli
776 2228 942 2297 plerumque
954 2228 1063 2282 litteras

112 2246 198 2349 lenas
216 2297 346 2414 septenas
364 2294 517 2359 continent,
538 2311 655 2362 quarum
672 2296 768 2348 tamen
781 2297 862 2364 *pars
879 2295 982 2362 passim
1000 2312 1062 2415 per-

111 2361 243 2416 forationi
264 2378 296 2414 us
313 2361 492 2415 membranae
511 2363 603 2430 periit,
622 2364 705 2431 pars*
727 2362 798 2432 sigla
815 2363 886 2416 sunt.
923 2361 1000 2416 *Dex
1015 2379 1062 2418 rae

111 2430 186 2498 parti
212 2428 348 2497 superiori
369 2429 431 2481 folii
451 2429 536 2495 primi
559 2428 748 2497 adglutinatas
770 2445 829 2483 esse
856 2429 971 2483 lacinias
994 2430 1063 2482 duas

112 2496 148 2549 ab
167 2495 266 2548 eadem
284 2509 369 2571 marin
387 2496 503 2575 scriptae
521 2496 550 2547 et
561 2495 635 2548 inter
647 2511 676 2548 se
688 2495 757 2548 item
774 2496 883 2564 glutine
895 2498 1063 2562 compactas,

111 2561 1063 2697 atattat?sstltttitutlttte”ettamen-*utili

112 2668 481 2751 columnaefol.1i.his
504 2695 612 2749 laciniis
625 2646 714 2748 Ilecta
738 2646 898 2774 flelitescaljt
925 2646 1064 2765 scalptura

111 2778 178 2817 vero
195 2763 225 2816 in
242 2763 346 2816 lacinia
363 2763 506 2831 superiore
523 2764 634 2816 tantum
652 2778 778 2831 superior
796 2767 926 2832 (paginae
948 2765 1064 2830 rectae),

111 2831 141 2882 in
169 2829 300 2884 inferiore
327 2832 438 2884 tantuin
463 2830 588 2907 inferior·
601 2829 733 2898 [paginae
755 2835 863 2908 versae)
886 2831 945 2909 legi
965 2833 1062 2900 possit,

111 2899 230 2964 utraque
253 2896 290 2949 ad
311 2896 381 2950 duos
403 2913 499 2951 versus
516 2899 697 2966 pertinens.²*
737 2896 851 2951 Initium
868 2914 934 2952 novi
952 2900 1063 2954 articuli

185 3088 204 3158 ¹)
219 3091 367 3142 Novissimus
382 3093 458 3142 editor
469 3093 574 3155 llrueger
588 3094 659 3142 etiam
673 3093 753 3143 seculo
769 3094 863 3143 demum
877 3095 969 3144 decimo
979 3102 1062 3144 octavo
1127 3114 1128 3117 ¹

112 3177 139 3212 ea
154 3165 178 3213 in
193 3178 339 3227 compagem,
354 3178 399 3226 qua
409 3178 469 3213 nunc
479 3165 637 3223 continentur,
653 3179 723 3227 posse
734 3165 890 3226 conglutinata
901 3180 954 3213 csse
965 3165 1061 3215 iudicat.
1143 3215 1146 3221 ,

113 3230 134 3299 ἵ)
149 3234 284 3284 Secundum
297 3234 444 3295 liruegerum
457 3235 542 3296 legitur
561 3235 584 3283 ln
603 3235 715 3284 inferiore
734 3233 766 3300 (l)
782 3251 796 3284 c
814 3234 888 3298 (vele
907 3235 1063 3284 reluctatum

111 3304 250 3371 contrabat
361 3306 385 3354 in
404 3305 526 3369 superiore
546 3306 584 3354 ita
602 3321 650 3356 con
682 3306 778 3354 Videtur
796 3312 874 3356 autem
893 3305 1062 3369 appellationes

217 3374 342 3442 e(velc)*
564 3377 631 3425 ared

112 3445 232 3494 inferioris
247 3453 271 3495 et
284 3446 415 3511 superioris
429 3445 529 3496 laciniae
544 3447 606 3496 inter
620 3462 646 3495 se
661 3447 804 3496 confudisse,
