2452 3840
89 226 94 233 .
161 175 225 240 600
345 196 452 232 oou1r11
468 194 576 232 verrant
593 194 690 231 roton.
709 177 794 232 XXII.
813 182 926 231 eti-ee.

161 333 237 397 aunt,
253 328 318 381 item
330 325 375 398 qui
388 326 415 379 in
426 324 677 396 re(maner'petione
692 332 766 394 eunt,
784 342 802 380 e
813 330 939 396 parente
951 340 1015 382 eum
1026 325 1113 381 tider-

161 416 220 466 tute
234 410 355 466 heredes
369 410 493 480 scriptos
506 415 627 480 praetor·
642 424 757 467 suorum
772 411 836 465 loco
850 408 952 474 debet;
972 413 1069 481 itaque
1085 416 1112 466 et

160 497 232 566 ipsis
248 493 409 550 abstinendi
419 499 549 563 potestas
563 490 668 566 detur).

157 624 158 627 ,
227 569 292 635 ¹26.
316 575 463 632 Extraneus
485 576 564 632 heres
591 575 722 650 siquidem
746 592 806 633 eum
833 575 953 632 cretione
975 576 1011 631 sit
1033 576 1113 632 heres

161 662 312 732 institutus,
324 659 458 716 cernendo
471 658 501 715 dt
514 659 606 732 heres;
623 663 645 715 si
659 677 726 717 uero
737 661 794 714 sine
806 660 936 729 cretione,
951 673 1001 732 pro
1013 659 1113 716 herede

162 745 291 819 gerendo.
329 739 378 801 26.
404 736 470 798 ²Pro
486 744 585 800 herede
600 743 680 817 gerit,
702 745 748 817 qui
764 742 844 799 nehus
860 742 1029 798 hereditariis
1044 749 1109 798 tam-

162 845 241 902 quam
257 827 382 884 domiuus
399 829 498 898 utitur,
519 826 593 883 uelut
609 828 655 900 qui
670 829 822 884 auctionem
838 841 927 882 rerum
940 826 1112 882 hereditaria·

162 928 220 968 rum
243 911 322 982 iacit,
349 920 394 968 aut
417 912 504 966 seruis
527 910 695 967 hereditariis
719 910 815 966 cihuria
837 909 890 966 dat.
932 904 979 968 27,
1003 901 1112 966 ³Cretio

162 1003 203 1052 est
218 1003 354 1052 certorum
371 995 474 1051 dierum
490 996 620 1068 spatium,
645 994 717 1067 quod
733 994 813 1048 datur
828 995 953 1049 instituto
974 993 1066 1050 heredi
1081 992 1113 1048 ad

162 1079 374 1150 deliberandum,
397 1088 487 1133 utrum
509 1079 634 1150 expediat
656 1079 680 1133 ei
703 1076 775 1133 adire
798 1075 974 1132 hereditatem
997 1093 1046 1133 uec
1067 1093 1112 1150 ne,

163 1162 253 1218 uelut:
270 1177 375 1219 rarius
390 1175 491 1217 uenus
507 1175 586 1218 uero
599 1175 798 1224 oenurroovra
814 1176 847 1217 uu
861 1176 974 1218 ornnes
991 1176 1114 1218 ceurvu

161 1259 321 1317 edoxium,
339 1260 451 1307 eureus
468 1258 588 1300 somnus
603 1238 821 1308 eorenrsove.⁴
853 1259 917 1301 eust
932 1260 987 1302 rue
1003 1260 1114 1304 cervu-

161 1345 223 1400 me,
239 1343 380 1385 exueras
396 1342 486 1385 uero.
525 1325 574 1385 2⁸.
598 1326 714 1383 Cernere
729 1336 770 1382 est
785 1327 866 1384 uerba
882 1328 1011 1384 cretionis
1026 1329 1114 1384 dicere

163 1414 194 1470 ad
208 1413 279 1469 huuc
290 1412 414 1468 modum:
430 1428 509 1478 oreo
519 1428 565 1468 me
577 1427 691 1470 uarius
704 1427 853 1469 marmoren
864 1426 1033 1482 marmure,
1050 1427 1114 1468 utu

162 1511 387 1554 neenmraruu
408 1511 491 1552 anuo
516 1511 690 1558 curuoove.
735 1491 785 1552 29.
808 1494 871 1550 Siue
894 1497 1013 1551 cretione
1034 1494 1114 1551 heres

56 1582 303 1636 teeauinstitutus
326 1573 330 1657 Ι
355 1582 379 1634 si
401 1582 590 1650 constituerit,
618 1579 690 1634 nolle
712 1595 741 1634 se
767 1577 892 1634 heredem
921 1594 996 1648 esse,
1023 1579 1113 1633 statim

163 1663 314 1720 excluditur
336 1662 367 1718 ab
390 1662 553 1733 hereditate,
576 1672 603 1718 et
626 1662 739 1735 amphus
762 1677 818 1716 eam
840 1660 913 1716 adire
935 1676 990 1716 uon
1011 1668 1112 1733 potest.

162 1743 213 1806 30.
236 1746 301 1802 Cum
324 1748 445 1802 cretione
467 1762 533 1802 uero
557 1747 634 1801 heres
663 1735 804 1800 in‘stitutus
832 1745 903 1800 siout
924 1743 1059 1800 cernendo
1082 1743 1186 1806 hiemo]

162 1831 257 1902 heres,
279 1830 316 1885 ita
332 1846 386 1886 nou
402 1829 480 1885 aliter
495 1829 660 1899 excluditur,
683 1845 762 1900 quam
778 1830 801 1883 si
815 1830 884 1883 intra
900 1827 969 1884 diem
985 1829 1114 1884 cretionis

162 1931 217 1971 uon
232 1914 363 1970 creuerit:
386 1913 501 1987 ideoque
517 1915 619 1968 etiamsi
635 1912 823 1983 constituerit,
846 1910 919 1968 nolle
934 1929 964 1969 ee
987 1911 1114 1968 heredem

163 2013 233 2070 esse,
249 2005 347 2068 tamen,
362 1999 384 2053 si
399 1999 534 2070 supersint
551 1996 607 2052 dies
623 1998 766 2066 cretionis,
786 1997 951 2068 paenitentia
965 2004 1041 2051 actus
1057 2011 1114 2051 cer·
1183 2012 1185 2018 ·

163 2082 252 2139 nendo
267 2083 345 2137 heres
362 2079 419 2136 heri
434 2090 534 2153 potest.

226 2163 272 2223 31.
295 2163 384 2221 Cretio
399 2172 445 2220 aut
461 2165 580 2237 uulgaris
596 2161 694 2218 dicitur
708 2169 755 2217 aut
769 2163 910 2218 contiuua:
932 2162 1068 2236 uulgaris,
1085 2163 1113 2218 iu

164 2265 216 2322 qua
238 2248 389 2305 adiciuntur
411 2248 476 2303 haec
498 2246 592 2303 uerba:
623 2260 735 2310 oureus
758 2260 878 2303 soranus
900 2261 1113 2315 rorumsovem

163 2333 300 2401 continua,
320 2334 348 2386 in
364 2346 415 2403 qua
431 2347 485 2386 non
501 2330 660 2385 adiciuntur.
703 2326 753 2386 32,
776 2328 816 2400 Ei,
838 2331 884 2401 qui
899 2330 1038 2400 uulgarem
1056 2347 1112 2387 cre-

162 2416 263 2471 tionem
279 2414 375 2485 hahet,
399 2413 455 2469 dies
476 2414 514 2468 iiii
532 2412 670 2469 duntaxat
693 2421 899 2486 computantur,
922 2412 1018 2485 quihus
1040 2414 1114 2485 sciit,

163 2633 197 2669 eae
216 2609 415 2686 ὁμοιοτελεύτῳ
435 2615 552 2682 (potestas
566 2631 613 2666 nou
628 2616 697 2665 datur
711 2643 744 2652 -
761 2613 885 2679 ‘potestur
897 2613 999 2680 doter')
1015 2617 1114 2679 sactum

162 2695 207 2738 eet.
237 2688 336 2737 Vereor
351 2696 441 2746 tomen,
458 2703 488 2736 ne
502 2689 577 2737 etium
588 2690 669 2750 ptura
683 2688 812 2742 arrideret,-
826 2688 872 2736 uix
886 2688 951 2735 enim
966 2693 1011 2745 eet,
1031 2694 1058 2735 ut
1071 2686 1112 2734 Ut·

159 2761 256 2822 pienee
274 2761 345 2806 ittam
359 2761 474 2821 requiam
486 2755 619 2806 ‘Omnibus
633 2764 725 2814 temere,
739 2755 831 2820 quibua
844 2755 991 2805 abstinendi
998 2762 1114 2818 potestas

163 2835 208 2884 eet,
223 2829 246 2875 ri
255 2841 283 2875 ee
293 2827 366 2876 bortis
380 2829 571 2884 iarntieeuerint,
582 2829 621 2876 uel
630 2828 694 2890 quid
703 2827 763 2875 inde
772 2828 921 2886 amoverint,
931 2828 1041 2888 amptius
1050 2825 1114 2875 daec

159 2904 275 2962 potestas
289 2912 339 2946 rou
354 2893 454 2954 dutur',
470 2897 535 2945 libro
549 2911 595 2946 seeo
610 2912 660 2946 non
675 2899 822 2947 inseruerit.
877 2892 897 2961 ¹)
910 2895 955 2944 Aet
967 2897 1007 2958 59.
1018 2906 1114 2948 eo-tt.

164 2968 198 3030 ef.
216 2965 271 3015 Gai,
288 2978 313 3025 e,
333 2978 454 3018 nae-me.
520 2962 541 3030 ²)
561 2967 599 3029 Cf.
619 2967 694 3016 Part.
714 2980 739 3026 e,
754 2979 774 3018 a¹
793 2968 816 3028 §-
831 2976 865 3018 eo.
885 2967 908 3028 ἐ.
928 2977 948 3016 r.
968 2966 990 3015 I.
1009 2968 1040 3017 de
1059 2967 1113 3017 der.

164 3038 253 3102 qualit.
268 3035 301 3102 (a,
315 3035 358 3102 te).
424 3033 445 3102 ³)
462 3035 499 3094 Of.
515 3037 587 3099 infre
601 3039 623 3098 ἓ,
638 3049 671 3088 ee.
694 3037 750 3086 Gai.
765 3049 786 3095 2,
801 3049 848 3090 1t4.
912 3033 934 3103 ⁴)
950 3036 1028 3087 Recte
1041 3037 1115 3087 debet

164 3109 227 3157 daec
245 3108 358 3157 secunde
372 3122 488 3171 persone
503 3115 564 3171 port
582 3110 763 3158 noruiuutivum
784 3110 810 3156 in
830 3110 875 3157 iilo
898 3106 1002 3156 Titine
1024 3107 1115 3155 hereo

163 3186 244 3237 erto,
259 3179 371 3242 perinde
385 3185 459 3241 utque
474 3179 500 3225 in
515 3179 643 3227 actionum
658 3180 795 3242 formulis:
813 3194 872 3228 nam
889 3184 917 3226 ut
931 3183 1041 3240 praetor
1059 3191 1115 3225 oum

164 3250 258 3308 iudice,
274 3252 310 3298 ito
325 3255 432 3298 testator
447 3263 502 3297 curn
512 3248 604 3297 herede
619 3251 690 3298 iuerat
703 3264 750 3299 rue
762 3249 835 3311 sueto
846 3263 924 3313 egere
933 3248 1034 3295 videtur
1043 3243 1113 3310 (Gai.

164 3320 258 3386 2,103);
272 3320 406 3384 utrobique
421 3325 503 3368 eutem
517 3320 672 3368 nominativo
682 3333 745 3368 earu
760 3320 869 3369 iudicem
884 3319 922 3367 uel
931 3316 1056 3374 heredem,
1071 3317 1116 3380 qui

165 3403 216 3438 nore
232 3391 313 3450 adest,
328 3393 423 3439 inerunt
437 3404 492 3438 eece
506 3395 614 3452 oportet,
628 3391 664 3438 ad
677 3405 748 3453 quem
760 3391 875 3453 formula
889 3389 928 3436 oet
942 3393 1116 3436 testamentum

164 3458 222 3508 iure
233 3462 378 3522 perueniat,
393 3467 527 3524 antequam
538 3475 592 3508 cum
607 3474 636 3509 eo
647 3467 757 3522 praetor
770 3461 809 3508 oei
819 3464 925 3506 testator
935 3465 1055 3524 tunquam
1065 3472 1117 3522 per

163 3530 296 3592 epistotam
311 3531 382 3593 loqui
391 3532 482 3592 possit.
510 3529 547 3592 Cf.
563 3529 594 3578 L.
610 3541 635 3581 aa
646 3544 689 3592 pr.
714 3529 745 3578 D.
761 3529 793 3578 de
806 3531 854 3594 ley.
869 3539 889 3579 2.
