2452 3840
165 153 226 218 632
465 171 602 207 sruunnrr
621 171 813 208 coouamouvn.

163 296 239 348 teres
257 295 455 364 cognationum
477 294 580 363 gradus
601 293 694 348 verbis
716 309 856 362 exponere
878 293 925 346 vel
945 292 1116 363 imaginibus

163 362 305 414 illustrare
324 378 447 429 unquam
465 360 540 416 soliti
558 362 631 414 sunt.
667 361 773 430 Legem
794 376 861 414 vero
883 359 962 414 illam
986 361 1132 419 eeclesia.

164 429 263 481 atinam
282 431 380 482 octavo
399 429 512 482 demum
530 427 622 480 seculo
639 427 669 481 in
686 443 773 496 regno
785 426 954 482 Franoonioo
965 427 1115 484 invaluisse

164 497 262 547 notum
280 497 331 562 est,
349 496 422 549 unde
440 512 492 549 nee
504 497 622 548 stemma
633 495 720 563 priori
732 494 853 562 tempori
865 495 1002 563 assignari
1012 497 1115 572 potest.

165 561 221 614 Sed
239 563 263 615 si
280 578 314 615 ea
332 563 367 616 do
385 578 470 617 eausa
487 563 568 615 nobis
585 561 615 613 id
634 561 819 614 omittendum
837 561 900 627 fuit,
912 578 969 615 non
982 563 1066 615 et1am
1079 563 1114 616 ab

164 628 197 681 iis
215 629 322 698 negligi
339 630 437 706 velim,
461 630 509 698 qui
532 629 567 681 de
590 630 727 697 graduum
747 629 959 708 eomputationis
982 630 1117 684 canoniea

164 698 334 816 erta'Iiitui’
361 714 389 749 1n
416 713 500 764 quam
526 712 585 749 rem
608 696 638 748 id
659 712 755 764 magm
776 696 912 749 momenti
934 711 1005 762 esse,
1032 713 1117 750 nemo

164 777 220 816 non
237 781 265 816 vr
287 779 323 820 e.

179 1011 429 1071 roboratiores
452 1013 601 1070 ottt'ttota
623 1013 665 1068 Ab
688 1011 824 1069 STEMMA
847 1011 1108 1074 uoona'ttortvtt..

239 1159 258 1228 1)
271 1164 351 1213 fratris
366 1170 406 1212 aut
419 1163 509 1212 sororis
524 1163 586 1212 tilius
600 1171 641 1212 aut
654 1164 701 1212 tilia
716 1163 780 1213 Iaid.
795 1163 853 1213 edd.
918 1159 996 1229 ²)Ita
1012 1164 1117 1214 Contine

164 1240 190 1282 et
202 1233 301 1282 Isidori
314 1235 372 1284 edd.
382 1235 529 1297 pleraeque.
561 1232 617 1284 Otto
632 1240 713 1283 tamen
728 1249 762 1283 eno
771 1233 881 1283 Arevali
890 1233 929 1282 ed.
944 1241 976 1293 et,
992 1242 1019 1284 ut
1032 1237 1115 1298 surpi-

165 1319 220 1361 eor,
235 1306 267 1366 oj.
283 1305 310 1352 in
324 1305 372 1354 boo
387 1306 470 1354 loculo
485 1305 570 1353 dedit:
583 1311 681 1367 patruus
695 1319 802 1366 magnus,
816 1305 888 1352 amita
901 1319 994 1368 magna,
1009 1320 1114 1354 auuncu-

165 1373 201 1422 lus
216 1388 322 1435 magnus,
337 1381 463 1423 matertera
473 1389 567 1436 magna:
583 1391 647 1438 quae
661 1377 778 1440 vulgaris
787 1375 910 1424 eetltuiua
917 1376 1019 1440 gradus
1028 1379 1115 1439 appel-

165 1446 235 1494 latio.
263 1443 429 1503 Sedetalia,
444 1447 549 1508 quaein
567 1453 720 1510 agnatorum
734 1447 869 1509 personia,
888 1461 953 1509 quae
967 1449 1116 1509 parentiam

165 1517 222 1564 loco
236 1522 303 1573 aunt,
318 1516 432 1573 eundem,
447 1518 491 1579 qui
505 1517 532 1564 in
542 1516 695 1579 parentibus
709 1517 823 1565 traditur
836 1523 905 1575 erat,
920 1532 1013 1566 morem
1027 1516 1115 1566 obser-

164 1585 248 1643 uabat,
263 1587 393 1635 enstitiaae
403 1601 515 1649 eamque,
530 1593 697 1650 utaeqnentee
706 1588 783 1635 buius
790 1588 894 1651 generis
906 1587 1007 1652 gradus
1021 1593 1115 1636 testan-

164 1663 216 1714 tur,
229 1659 366 1705 stemmatio
380 1657 486 1705 huiusce
500 1664 592 1705 auctor
606 1663 707 1706 secutus
721 1672 775 1706 ease
789 1658 898 1706 videtur.
946 1653 967 1721 8)
980 1656 1060 1704 fratris
1075 1665 1116 1706 aut

165 1728 256 1774 sororis
270 1727 334 1774 Isid.
349 1727 406 1775 edd.
463 1722 484 1791 ⁴)
499 1725 541 1774 Ita
557 1727 626 1775 Cont.
642 1726 749 1792 (tanturn
763 1735 890 1776 matertera
904 1741 949 1776 ma.
961 1741 1012 1790 pro
1027 1734 1115 1776 mater·

164 1803 215 1844 tera
229 1793 329 1860 maior);
344 1802 499 1859 propatruus,
515 1798 643 1858 proamita,
657 1799 845 1860 proauunoulus,
864 1804 1036 1860 promatertera
1050 1797 1114 1847 Irid.

165 1867 222 1915 edd.
246 1864 353 1915 Scilicet
368 1868 417 1915 ianr
432 1865 537 1915 librarii
550 1869 707 1930 scripturam
721 1870 824 1933 uulgari
837 1869 1007 1931 appellationi
1016 1884 1115 1919 aeeon-

165 1937 337 1986 modaverant.
403 1934 424 2000 5)
438 1938 575 1999 propriores
590 1938 654 1986 Iaid.
669 1939 708 1987 ed.
727 1937 809 1988 Otton.
862 1935 883 2002 ⁶)
898 1939 989 1987 sobrini
1004 1940 1116 1987 sobrinae

164 2007 229 2056 Ioid.
244 2008 301 2057 edd.
317 2007 452 2069 manifesto
466 2009 537 2057 nitio.
586 2005 606 2073 ⁷)
621 2009 700 2056 fratris
715 2015 738 2056 et
753 2009 843 2057 sororis
858 2009 921 2058 Ieid.
933 2009 989 2058 edd.
1038 2005 1059 2073 8)
1073 2009 1116 2056 Ito

167 2077 236 2127 Cont.
253 2077 359 2142 (tantum
373 2085 493 2126 materter.
504 2093 556 2140 pro
570 2078 718 2143 matertera);
734 2079 870 2142 abpatruus,
885 2079 995 2141 abamita,
1010 2079 1116 2126 abnuun-

165 2148 240 2210 oulus,
256 2149 412 2197 abmatertera
426 2148 466 2197 ed.
481 2147 544 2197 laid.
563 2146 645 2197 Otton.
660 2164 695 2198 ex
709 2147 814 2198 Areoal.
830 2151 884 2206 ed.;
899 2149 991 2214 ubique
1005 2149 1048 2198 ad·
1063 2164 1115 2212 pro

165 2219 205 2268 ab·
221 2226 329 2268 aeterne.
393 2215 414 2284 9)
429 2226 572 2282 propatruus
586 2220 716 2282 proamitae
736 2218 787 2284 (vel
800 2217 941 2286 proamitae)
961 2219 1115 2284 proauuueuli

164 2289 205 2337 filii
221 2288 418 2353 (promaterterae
432 2289 493 2338 add.
504 2289 609 2339 Areoal.
625 2297 650 2338 et
661 2288 729 2355 Otto)
743 2291 804 2338 tiliae
819 2291 882 2339 Iaid.
894 2291 952 2338 edd.
1002 2287 1034 2355 1⁰)
1043 2289 1115 2338 Sori-

161 2361 219 2421 psi:
235 2360 367 2421 Propatrui,
383 2359 521 2411 Proamitae.
546 2360 700 2409 Proauunculi
714 2374 789 2422 nepos
803 2360 888 2422 neptis.
904 2360 928 2407 id
944 2365 981 2407 est
995 2359 1116 2421 sobrinus,

165 2429 260 2477 sobrina
273 2429 343 2478 Cont.
356 2430 486 2492 propatrui,
497 2431 635 2493 proamitae,
646 2429 798 2493 proauunculi
808 2444 882 2492 nepos
893 2429 971 2492 neptis
981 2427 1045 2479 laid.
1057 2430 1115 2478 edd.

168 2494 202 2563 ¹¹)
217 2499 367 2547 sobrinarum
383 2506 406 2547 et
420 2500 570 2550 sobrinarum
584 2501 628 2549 tilii
641 2500 679 2549 uel
693 2499 754 2549 filiae
769 2498 832 2554 Iaid.
848 2500 905 2548 edd.
986 2495 1019 2564 1ἵ)
1035 2500 1116 2550 fratris

165 2575 189 2618 et
202 2570 294 2618 sororis
309 2568 372 2620 Irid.
388 2569 445 2618 edd.
