2452 3840
151 470 336 535 VLPIANI
359 471 557 548 RELIQVA
580 474 857 542 FRAGMENTA
880 478 1064 546 MINORA.

55 625 118 676 [⁶²8]
193 620 219 677 1.
244 614 390 695 ¹Ulpianus
411 621 479 678 libro
502 621 534 677 ad
553 621 670 677 edictum
693 632 769 678 serto
793 622 843 678 sub
866 623 946 680 titulo
962 621 1012 689 our
1033 643 1083 697 pro

129 705 237 762 aliisue
253 705 395 780 postulent
409 707 448 762 sic
463 706 561 764 refert:
582 704 750 762 ‘lnuenimus
766 707 837 780 apud
853 714 969 777 ueteres,
990 708 1084 764 mulie·

128 792 166 846 ris
182 789 362 863 appellatione
378 790 455 845 etiarn
471 791 605 863 uirginem
621 790 776 846 contineri?

191 869 219 928 2.
244 867 386 946 ²Ulpianus
410 874 437 928 in
459 872 528 929 libro
544 872 629 928 liLVl.
653 873 686 928 ad
710 873 891 930 edictumr‘Si
913 878 973 948 quis
993 878 1084 949 proui-

129 958 199 1013 mior
213 964 345 1030 cognatus
361 959 434 1013 nasci
449 963 596 1031 speretur!

192 1036 220 1100 3.
237 1033 379 1114 ³Ulpianus
397 1049 484 1097 tamen
499 1040 531 1096 ad
544 1039 669 1096 Sabinum
685 1039 808 1096 loturum
824 1039 991 1097 ‘fruiturum’
1009 1041 1084 1098 dixit.

200 1188 284 1240 ‘Liber
298 1191 327 1239 de
346 1192 425 1240 oisrcio
444 1188 617 1254 proconsulis',
636 1193 676 1256 qui
695 1193 719 1240 in
737 1192 857 1241 veteribus
876 1192 1011 1255 glossariis,
1030 1201 1085 1256 post

128 1262 188 1311 alios
203 1277 216 1310 a
231 1260 255 1310 C.
271 1261 381 1309 Labbaeo
402 1262 445 1310 sub
465 1261 532 1311 titulo
549 1259 652 1326 ‘Cyrilli‚
673 1263 794 1311 Philoxeni
808 1263 959 1327 liliorumque
974 1264 1084 1312 Veterum
1118 1254 1130 1268 '

129 1331 251 1380 Glossaria
270 1330 458 1379 Latino-Graeca
479 1338 501 1380 et
521 1329 719 1381 Graeco-Latina’
741 1333 880 1395 compositis
900 1339 924 1380 et
938 1333 1012 1381 Paris.
1032 1345 1084 1385 1616

129 1402 200 1450 editis
219 1401 299 1451 statim
317 1401 347 1449 ab
367 1401 433 1449 initio
452 1401 551 1449 vocibus
566 1401 656 1450 Latinis
676 1402 877 1466 sequentibusque
894 1402 991 1451 Graecis
1011 1403 1084 1452 inter·

128 1472 302 1535 pretationibus
321 1471 446 1534 aliquoties
465 1471 603 1520 interiectus
618 1472 716 1534 iegitur,
736 1479 772 1521 est
791 1472 842 1521 sine
862 1473 933 1522 dnbio
949 1473 1042 1537 Ulpiani
1057 1488 1084 1523 cx

128 1543 232 1604 Digestis
252 1548 275 1590 et
294 1542 386 1591 aliunde
406 1542 544 1591 notissimus
563 1542 630 1591 liber.
669 1542 717 1591 Nec
737 1549 815 1592 tamen
835 1549 901 1592 certo
921 1550 1034 1607 apparet,
1054 1544 1083 1592 ad

128 1628 187 1676 quas
201 1628 281 1671 voces,
301 1613 469 1662 antecedentes
488 1627 517 1662 an
536 1619 663 1677 sequentes
682 1620 705 1662 et
723 1621 781 1677 quot
800 1628 827 1663 61
846 1614 877 1662 iis
896 1614 957 1663 liber
975 1614 1014 1663 ille
1029 1629 1085 1677 per·

129 1685 211 1741 tinent,
230 1689 256 1731 ut
271 1683 325 1731 inde
344 1684 431 1745 petitae
447 1683 494 1731 dici
508 1684 608 1745 possint.
638 1684 688 1741 Quo
703 1699 757 1733 cum
771 1686 877 1743 accedat,
892 1692 918 1734 ut
932 1686 998 1748 ipsae
1012 1700 1083 1734 voces

129 1752 384 1815 interpretationesque
400 1767 480 1801 earum
495 1753 622 1815 pleraeque
636 1768 719 1816 parum
739 1755 847 1805 utilitatis
866 1763 999 1820 praestent,
1014 1757 1084 1805 omit·

129 1823 213 1871 tendas
228 1837 268 1871 eas
283 1821 345 1870 duxi.
374 1820 407 1870 Dc
422 1822 481 1885 ipsis
501 1821 547 1870 illis
562 1824 684 1883 glossariis
699 1839 775 1887 nuper
789 1825 859 1874 docte
874 1826 1002 1889 disputarit
1016 1826 1042 1873 Α.
1058 1827 1082 1874 F.

129 1893 263 1942 liudoriius.
283 1892 360 1942 Berol.
375 1903 434 1944 1666.
454 1903 474 1944 4.

202 2049 222 2118 ¹)
237 2052 323 2114 Haec,
338 2067 402 2116 qaae
416 2059 570 2117 sequantur,
586 2059 688 2110 extant,
703 2059 828 2116 corrupta
846 2059 942 2111 tamen,
961 2053 989 2102 in
1008 2051 1083 2110 libro,

128 2125 173 2171 cui
188 2124 339 2185 inscriptam
353 2129 390 2171 est
409 2120 590 2190 [Spicilepinm
603 2121 761 2172 Solesmense
776 2159 781 2172 .
797 2159 803 2170 .
820 2160 825 2171 .
842 2159 847 2170 .
864 2130 971 2172 curante
985 2123 1083 2172 Damno

129 2192 151 2240 I.
166 2192 197 2242 B.
214 2192 298 2242 Ηίνα.
321 2191 348 2240 T.
364 2192 386 2240 I.
403 2192 490 2243 Paris.
506 2190 578 2245 16663
594 2209 622 2256 p.
637 2204 699 2252 aaa,
718 2192 802 2257 ibique
820 2192 969 2242 tribuantur
989 2193 1084 2243 Pacati

129 2263 228 2313 libroI.
244 2265 368 2312 aduersas
378 2263 561 2328 Porphyrium.
587 2263 716 2323 Carrenit,
730 2264 907 2328 diuersumque
920 2264 988 2314 iane
1002 2267 1084 2314 locam

129 2350 146 2382 a
161 2336 297 2392 consimili,
312 2336 357 2398 qai
371 2350 405 2384 ea
419 2335 462 2384 lili.
483 2335 543 2384 VII.
558 2336 594 2384 ad
607 2336 717 2384 edietum
731 2336 847 2398 refertur
861 2336 889 2384 in
904 2334 935 2384 L.
951 2347 976 2387 16
986 2351 1030 2399 pr.
1050 2335 1082 2384 D.

128 2405 161 2453 de
179 2405 247 2454 verb.
267 2407 334 2469 sign.
354 2405 403 2469 (66,
424 2403 474 2470 16),
494 2406 530 2455 ad
548 2421 591 2466 ea,
610 2422 676 2470 quae
699 2405 823 2470 Ulpianus
840 2406 873 2455 L.
887 2421 907 2457 1.
926 2408 949 2468 ξ.
965 2417 984 2457 6.
1005 2407 1036 2454 D.
1052 2407 1083 2455 de

125 2478 221 2538 posint.
237 2475 268 2540 (6,
284 2474 305 2537 1)
320 2481 424 2533 tractat,
435 2478 570 2538 pertinere
584 2476 672 2525 docuit
686 2477 721 2534 is,
736 2479 780 2539 qni
790 2478 892 2539 primns
907 2479 1003 2525 eumin
1021 2476 1083 2525 Ger-

129 2547 216 2593 mania
231 2544 332 2606 publici
346 2545 413 2594 iaris
429 2545 507 2607 fecit,
522 2545 662 2609 Boeelcinp.
677 2545 716 2594 ed.
736 2545 975 2610 Ulp.sragm.1ooo.
991 2562 1019 2609 ρ.
1036 2559 1082 2597 111.

131 2611 152 2680 ²)
168 2614 252 2663 Extat
264 2615 335 2677 apud
350 2614 479 2664 Priscian.
495 2627 516 2673 6,
530 2627 564 2666 61.
575 2631 603 2678 p.
619 2627 658 2666 661
673 2615 777 2664 Putsclr.
789 2631 817 2678 p.
832 2627 866 2666 61.
881 2616 920 2665 ed.
935 2615 1025 2664 Hertz.
1041 2616 1084 2665 ubi

129 2692 167 2735 est
181 2692 327 2734 nasceretur.
358 2685 470 2735 Gerraioi
483 2701 517 2735 eac
531 2686 562 2734 L.
578 2699 597 2736 1.
618 2688 640 2747 §-
655 2697 676 2736 6.
699 2685 731 2734 n.
747 2686 814 2735 ande
828 2700 901 2752 cogn.
921 2684 969 2749 (66,
984 2686 1019 2751 6),
1039 2685 1084 2736 abi

130 2757 229 2821 integer
248 2759 321 2806 loeas
340 2758 443 2822 legitur.
513 2753 533 2822 ⁸)
553 2756 635 2806 Extat
653 2757 724 2820 apud
742 2756 873 2807 Priscian.
894 2767 932 2816 10,
952 2769 984 2808 16.
1000 2773 1028 2821 p.
1043 2769 1082 2809 666

131 2827 235 2878 Patselr.
250 2838 332 2889 11666.
348 2828 387 2878 ed.
397 2827 487 2877 Hertz.
517 2827 616 2877 Vereor
625 2835 716 2886 tamen,
731 2843 762 2877 ne
776 2829 799 2877 is
813 2827 880 2877 nanc
890 2843 988 2892 qnoque
998 2843 1082 2878 nocem

130 2903 227 2945 tantam
245 2911 279 2944 ex
298 2897 412 2961 Digestis
431 2896 473 2963 (L.
489 2911 521 2948 16.
546 2899 577 2946 D.
598 2900 680 2962 onufr.
701 2899 838 2962 quemadm.
858 2915 913 2948 cao.
929 2911 954 2958 1,
969 2912 988 2950 6.
1011 2896 1081 2962 ‘inp

130 2966 173 3015 lib.
191 2965 299 3014 XVIII.
319 2968 355 3016 ad
372 2966 519 3033 Sabinnm')
537 2972 668 3027 sumserit,
686 2970 797 3032 perinde
815 2986 847 3019 ac
866 2969 957 3034 Lydas
976 2966 1080 3029 similia,

129 3051 195 3102 qaae
210 3052 244 3086 era
258 3039 372 3101 antiquie
386 3040 567 3088 iureconsultis
581 3042 684 3105 allegat.

499 3272 708 3280 —.—-.-—

185 3603 286 3635 IVBISPB.
301 3604 381 3636 ᾸΜΙῙ.
396 3607 448 3640 ΒΕῙι,
468 3608 505 3640 ΕΒ.
530 3610 554 3642 V.
