2452 3840
351 200 456 236 nonnus
473 198 580 237 russam
597 198 695 238 aaran,
714 181 761 235 XI.
780 185 858 235 2-8.
1019 179 1083 244 583

132 331 331 399 infirmitatem
352 329 457 386 leminis
480 337 569 385 autem
593 326 670 405 (tum)
691 328 866 403 impuberibus
883 345 962 402 quam
976 327 1084 403 puberi·
1109 399 1111 403 7

132 416 182 473 bus
197 424 223 471 et
239 423 352 488 propter
367 429 448 470 serus
462 411 643 469 infirmitatem
660 422 687 468 et
702 422 815 487 propter
829 414 977 469 forensium
993 429 1083 469 rarum

131 501 321 573 ignorantiam.

61 583 121 632 [48⁷]
194 581 225 640 2.
249 576 384 638 ¹Tutores
400 589 446 637 aut
462 581 574 654 legitimi
590 588 669 651 sunt,
685 588 731 636 aut
746 589 856 636 sanatus
872 580 1004 637 consultis
1020 597 1085 638 con·

131 667 237 738 satuti,
252 675 299 722 aut
314 665 434 721 moribus
449 663 607 721 introducti.

193 746 223 807 8.
253 742 395 823 ²Legitimi
417 755 523 805 tutores
549 755 627 824 sunt,
647 741 842 821 ’quicunque³
864 764 896 805 er
917 748 979 822 lege
997 746 1084 821 aliqua

75 869 80 879 ·
131 834 315 899 descendunt;
342 849 391 906 per
413 832 582 887 eminentiam
608 839 696 887 autem
718 831 833 904 legitimi
855 832 982 888 dicuntur
1009 831 1085 906 ’lege

132 917 274 973 duodecim
297 915 447 973 tabularum
468 909 645 984 introducti,4
666 931 714 970 seu
729 915 885 989 propalam,
909 916 1000 988 quales
1022 924 1086 971 sunt

133 1003 242 1075 agnati,
272 1016 320 1056 seu
348 1015 397 1074 per
423 1001 658 1073 consequentiam,
687 998 779 1072 quales
802 1007 866 1055 sunt
892 1001 1011 1072 patroni.
1054 996 1083 1055 4.

133 1079 250 1158 ‘’Aguntl
265 1093 328 1140 sunt
344 1101 358 1140 a
372 1091 450 1158 patre
465 1084 571 1154 cognati
588 1083 672 1139 uirilis
687 1099 781 1151 sexus,
803 1098 852 1156 per
871 1082 977 1138 uirilem
992 1097 1086 1138 sexum

131 1168 340 1239 descendentes,
360 1167 479 1224 eiusdem
496 1167 625 1238 lamiliae,
646 1166 722 1223 uelut
737 1184 755 1223 o
772 1162 868 1239 (putre
879 1167 1017 1238 fratrea)
1038 1182 1086 1240 pa·

131 1254 203 1323 trui,
221 1251 312 1310 fratris
328 1250 391 1324 lilii,
411 1252 507 1308 iratres
522 1244 683 1324 patrueles.⁶

194 1329 293 1393 *aff
314 1333 343 1393 5.
367 1335 417 1402 out
433 1335 545 1391 liberum
565 1343 663 1408 caput,
683 1335 860 1408 mancipatum
882 1332 934 1388 sibl
948 1332 993 1389 uel
1009 1349 1023 1388 a
1038 1349 1086 1408 pa·

131 1426 209 1476 rente
230 1418 275 1475 uel
300 1436 314 1474 a
338 1421 584 1491 coemptionatore,
613 1419 781 1489 manumisit,
808 1433 857 1491 par
884 1415 1085 1473 similitudinem

132 1504 240 1576 patroni
256 1510 330 1558 tutor
345 1500 479 1573 allicitur,
496 1503 542 1575 qui
557 1500 712 1557 fiduciarius
729 1510 804 1556 tutor
819 1496 995 1574 appellatur.⁸

195 1582 225 1644 6.
249 1580 390 1659 ⁹Legitimi
411 1593 517 1642 tutores
538 1585 581 1641 alii
598 1585 710 1641 tutelam
725 1587 752 1641 in
767 1587 826 1641 iure
846 1584 940 1640 cedere
960 1592 1086 1657 possunt.

130 1665 160 1727 7.
186 1663 256 1741 ¹⁰ls,
280 1672 323 1728 cul
343 1670 427 1726 tutela
442 1671 469 1725 in
484 1669 542 1725 iuro
557 1685 634 1725 cessa
654 1677 710 1740 est,
733 1670 862 1726 cessicius
879 1676 954 1723 tutor
969 1668 1086 1742 appella·

131 1761 192 1819 tur3
214 1755 260 1826 qui
275 1757 333 1810 siue
348 1763 471 1810 mortuus
492 1753 587 1824 luerit,
610 1756 668 1810 siue
689 1755 776 1826 capite
796 1754 925 1823 minutus,
943 1744 946 1830 l
963 1753 1021 1808 siue
1041 1751 1084 1808 alii
1098 1753 1192 1824 1945β

133 1837 245 1892 tutelam
266 1853 352 1908 porro
375 1838 503 1907 cesserit,
528 1836 598 1891 redit
619 1836 651 1892 ad
673 1834 825 1909 legitimum
847 1845 966 1893 tutorem
990 1836 1084 1893 tutela.

131 1919 223 1976 sedet
239 1921 261 1975 si
277 1919 414 1993 legitimus
430 1919 577 1976 decesserit
592 1928 638 1974 aut
652 1921 739 1990 capite
754 1921 874 1975 minutus
890 1920 986 1990 luerit,
1003 1922 1085 1976 cessi·

130 2005 171 2060 cia
186 2019 296 2077 quoque
313 2003 394 2059 tutela
410 2005 586 2083 extinguitur.
615 2001 645 2059 8.
669 1995 833 2069 ”Quantum
848 2002 881 2058 ad
896 2010 1010 2075 agnatos
1024 2018 1086 2077 per·

205 2194 225 2264 ⁸)
237 2197 275 2261 Os.
287 2198 426 2259 Gai.1,1aa.
466 2193 487 2263 ²)
499 2197 537 2261 Cf.
548 2197 603 2246 Gai.
616 2208 690 2256 1,155.
729 2191 750 2261 ⁸)
764 2193 893 2245 Omittitur
903 2199 929 2244 in
945 2195 1003 2246 Vut.
1017 2193 1082 2260 ‘qui’

130 2271 315 2333 suppleverunt
323 2267 380 2318 edd.
399 2267 452 2317 Sed
460 2268 522 2317 milti
532 2282 687 2331 persuasum
696 2274 740 2325 eat,
753 2281 829 2317 uoces
837 2268 878 2330 qui
889 2279 924 2321 ex,
935 2281 1000 2330 quoe
1010 2282 1085 2318 oerau

130 2340 226 2390 allino
235 2340 312 2389 tertio
318 2346 379 2402 post
388 2340 516 2403 leguntur,
525 2339 586 2387 ltine
598 2354 627 2389 eo
638 2341 781 2388 translatus
789 2345 814 2386 et
823 2352 857 2387 ecc
867 2337 937 2402 quim}
947 2346 1086 2402 corruptos

131 2425 186 2461 ease
196 2411 232 2460 ad
240 2410 433 2460 similitudinem
442 2411 546 2460 illorum
555 2424 583 2458 ex
593 2410 643 2471 lege
654 2410 744 2472 aliqua,
757 2424 837 2474 meque
848 2411 914 2458 enim
923 2411 1005 2459 solnm
1016 2406 1082 2473 ‘qui’

132 2487 221 2531 nostro
235 2483 292 2531 loeo
305 2481 412 2544 sufficit,
426 2494 506 2543 neque
521 2494 549 2528 ea
563 2480 613 2542 lege
628 2480 746 2530 introduci
761 2495 790 2529 eo
804 2495 888 2538 sensu,
903 2481 948 2544 qui
961 2479 1003 2529 itio
1018 2481 1084 2530 deoi-

131 2551 255 2612 derotur,
269 2557 339 2600 recte
354 2551 459 2600 dicitur.
525 2546 546 2613 ⁴)
561 2551 602 2612 qui
616 2564 642 2597 er
658 2550 709 2610 lege
724 2549 849 2598 duodecim
864 2550 996 2599 tabularum
1010 2551 1085 2599 intro-

133 2620 251 2669 ducuntur
271 2619 329 2669 Vat.
351 2620 408 2668 edd.
429 2626 453 2668 et
471 2617 637 2688 κακοφωνίᾳ
657 2621 703 2668 illu
723 2619 880 2667 dicuntur-
896 2619 1084 2681 introducuntur,

131 2697 157 2739 et
166 2696 305 2754 praesente
319 2690 392 2739 modo
407 2691 486 2752 plone
505 2691 590 2752 inepto
609 2690 697 2737 vitium
711 2689 850 2751 prodente,
872 2689 940 2752 quod
953 2688 1085 2738 vocabulis

131 2761 172 2824 qui
187 2775 215 2808 ex
228 2760 278 2810 leue
291 2761 358 2810 male
371 2762 508 2809 translatis
521 2761 646 2825 originem
660 2758 740 2808 dedet.
797 2756 818 2823 ⁶)
835 2759 873 2822 Of.
891 2758 948 2810 Gai.
964 2771 984 2818 1,
999 2769 1045 2810 156.
1060 2767 1085 2809 et

132 2831 205 2893 infru
215 2841 249 2892 ao,
260 2844 280 2881 1.
328 2826 349 2896 ⁰)
365 2830 438 2879 ueluti
452 2831 531 2893 patrui
546 2831 639 2880 iratres.
655 2830 698 2878 lilii
712 2830 797 2878 iratres
807 2829 921 2892 patruelis
937 2829 995 2880 Vat.
1010 2831 1084 2879 ueluti

131 2901 222 2962 patrui,
237 2901 336 2962 iratres,
351 2901 393 2949 titt
407 2902 500 2962 iratris,
516 2901 635 2963 patrueles
654 2901 694 2950 ed.
708 2899 756 2965 89.
776 2899 911 2964 {lipianum
925 2916 972 2951 nec
986 2907 1084 2963 patruos

131 2976 192 3018 unte
205 2971 301 3028 iratres,
315 2986 362 3020 nec
376 2972 461 3020 tratres
475 2973 634 3035 simpliciter,
649 2987 696 3021 nec
710 2972 753 3021 silli
767 2972 847 3021 iratris
857 2971 920 3036 (pro
931 2972 1011 3021 iratris
1022 2969 1084 3037 tilii),

131 3055 179 3090 neo
192 3040 312 3103 patrueles
330 3048 427 3090 tantum
442 3040 541 3106 (quoles
558 3044 634 3091 etiam
647 3056 751 3092 sorores
768 3042 838 3109 aunt)
856 3043 945 3092 dicere
959 3044 1083 3107 petulcae,

127 3113 218 3174 polana
232 3117 278 3160 eat.
306 3108 360 3159 Sed
373 3119 397 3160 et
412 3113 500 3160 uitium
513 3127 548 3161 ecc
560 3113 730 3162 similitudine
747 3128 802 3162 noc.
816 3121 883 3177 patre
899 3115 984 3163 iratres
999 3120 1024 3162 et
1041 3127 1083 3175 pa-

130 3182 178 3231 trui
198 3181 278 3231 iratris
295 3181 377 3244 facile
398 3184 466 3231 oriri
482 3185 598 3246 potuisse
621 3189 739 3247 apparet.
777 3183 816 3246 Cf.
838 3199 981 3247 comparem
1002 3184 1084 3232 locum

129 3253 154 3314 ξ.
169 3265 190 3304 1.
209 3251 232 3301 I.
247 3252 362 3317 delegit.
381 3267 441 3317 agn.
460 3268 530 3303 suco.
550 3252 584 3320 (a,
599 3251 632 3317 a).
697 3251 717 3319 7)
733 3253 887 3311 Perierunt,
905 3268 971 3317 quae
992 3251 1048 3305 Gai.
1064 3265 1084 3314 1,

131 3333 177 3374 toa
193 3333 240 3376 too.
259 3322 416 3380 tradiderat,
430 3330 455 3372 et
469 3325 541 3374 locus
555 3325 586 3374 de
601 3326 714 3389 legitima
724 3326 845 3387 parentis
859 3325 946 3372 tutela.
1008 3320 1029 3388 8)
1045 3323 1083 3387 Of.

133 3391 191 3441 Gai.
205 3405 230 3451 1,
245 3405 292 3446 aaa.
320 3391 373 3443 Sed
391 3401 416 3443 et
433 3394 465 3443 de
484 3394 534 3444 lanc
552 3397 631 3443 tutela
649 3394 784 3458 Ulpianum
798 3396 879 3457 pluro
893 3393 993 3442 dixisse
1010 3401 1084 3456 puto.

133 3461 171 3596 ιθις
183 3461 281 3595 &sibu
296 3475 343 3515 aaa.
408 3461 486 3530 ⁰)0f.
503 3464 560 3514 Gai.
575 3477 595 3523 1,
611 3476 656 3516 ms.
724 3461 1047 3530 ¹⁰)Cfi6ai.1,1ca.1m.

215 3569 221 3581 .
260 3535 294 3583 ai.
309 3547 330 3596 1,
345 3546 390 3586 ttt.
