2452 3840
140 169 202 234 636
303 187 406 223 nomrrr
424 186 530 223 variam
549 173 581 237 (P)
599 185 697 222 amau.
717 187 752 222 on
770 187 831 223 ivan
850 186 925 222 rrscr.

140 309 273 363 cessisset.
294 309 367 362 Deni
386 323 422 360 ue
435 308 459 360 si
470 307 610 360 scribendi
622 307 791 376 elegantiam
804 308 932 362 ettotam
949 308 1090 362 tractandi

139 377 276 429 rationem
295 325 451 452 consiiero²
473 375 520 452 rix
538 374 586 451 alii
602 374 671 451 haec
690 374 755 428 Icto
793 391 858 452 uam
876 375 1008 451 Ulpiano,
1028 376 1090 428 *cui

140 443 225 496 etiam
243 443 406 496 insolentior
424 441 509 494 drotio
528 441 743 494 ‘inconsiderata
760 441 789 493 dr
802 443 918 511 rgentra’
939 446 972 507 (ξ.
985 447 1011 506 2)
1025 458 1088 495 con·

139 511 218 563 venit
236 510 298 563 coll.
317 509 346 563 h.
361 517 385 563 3.
404 513 427 572 §-
441 515 481 564 17,
503 509 535 561 D.
556 508 590 561 de
609 526 684 577 susp.
704 510 755 563 tut.
775 510 831 575 (26,
847 511 888 574 10)
906 509 1022 576 vixque*
1041 509 1090 561 alii

140 578 199 630 eius
217 577 296 645 operi
313 592 398 644 quam
415 576 587 645 Regularum
604 576 651 628 vel
669 575 839 643 Opinionum
856 575 935 628 libris
953 576 1089 644 assignari

138 660 220 712 posse
238 644 308 696 mihi
325 643 470 708 videntur,
494 659 528 696 ex
551 642 652 709 quibus
669 657 742 722 quae
760 645 789 695 in
807 641 843 694 Di
864 644 930 695 estis
948 645 1089 711 superant,

139 711 305 774 ostendunt,
326 712 410 763 etiam
428 710 471 762 his
487 711 600 763 tantum
618 712 688 762 cert1
710 709 777 762 iuris
799 725 848 762 sen
878 710 965 774 ntiae,
989 711 1090 777 spretis

139 777 255 831 aliorum
276 777 495 842 auctoritatibus,
516 776 728 843 comprehensas
745 777 837 830 fuisse.
873 775 982 829 Alibro
995 777 1089 846 singu-

137 845 191 898 lari
208 859 275 899 vero
293 845 465 914 Regularum
482 843 525 896 illi
538 843 622 896 etiam
634 843 687 896 hoc
700 843 840 897 distulisse
853 843 993 907 ridentur,
1014 845 1090 911 quod

138 911 181 964 ius
199 928 310 979 quoque
329 911 589 974 extraordinarium,
610 925 665 976 quo
683 911 807 978 pertinet
825 909 933 975 fiscale,
951 910 985 963 iis
1005 927 1089 980 expo-

139 979 224 1032 situm
243 981 311 1032 erat.

206 1045 356 1112 Reliquum
379 1047 434 1106 est,
457 1046 489 1098 ut
510 1045 615 1108 dicam,
643 1044 728 1096 etiam
751 1044 820 1098 haec
845 1044 1005 1114 fragmenta
1026 1046 1091 1113 post

139 1113 293 1167 Goescheni
321 1113 350 1165 et
371 1110 543 1164 Lachmanni
569 1128 646 1165 curas
673 1127 690 1162 a
715 1109 887 1179 Boeclringic
915 1113 1089 1166 ornatissimo

138 1179 215 1232 edita
232 1195 305 1243 esse3
325 1179 497 1246 quapropter
514 1178 550 1230 ad
568 1177 627 1230 eius
644 1179 755 1231 tantum
773 1178 925 1232 editionem
936 1179 994 1231 iam
1007 1195 1091 1247 supra

138 1247 385 1299 commemoratam
403 1243 612 1297 emendationes
629 1245 738 1298 nostras
754 1245 858 1298 referre
872 1247 1089 1299 consentaneum

138 1312 274 1365 duximus.
310 1311 366 1364 Sed
389 1327 438 1365 eae
462 1327 526 1363 cum
548 1312 754 1380 complusculae
777 1315 882 1373 essent,
907 1328 963 1380 quo
981 1312 1089 1366 facilius

138 1379 173 1433 de
190 1380 224 1432 iis
241 1379 360 1432 iudicari
377 1379 484 1454 posset,
502 1378 532 1431 in
550 1378 602 1432 hoc
620 1395 675 1432 unc
697 1378 817 1433 frustulo
841 1379 1013 1457 superiorum
1032 1380 1089 1433 edi·

137 1446 378 1566 tprumteremplo
397 1447 482 1499 etiam
499 1462 631 1499 versuum
649 1446 751 1499 codicis
763 1446 955 1501 distinctiones
967 1447 1089 1503 rotinere

136 1530 250 1582 pacui.

204 1721 280 1774 Haec
298 1736 408 1788 quoquc
427 1720 547 1773 frustula
563 1720 667 1773 iterum
685 1721 793 1774 edenda
815 1722 848 1773 ut
868 1719 1004 1789 peculiari
1021 1736 1089 1774 cura

137 1789 333 1849 retractarem,
351 1786 464 1854 impulit
485 1803 530 1839 mc
552 1787 673 1840 maxime
697 1787 890 1858 apographum
908 1787 1088 1842 membranae

138 1854 305 1908 Veronensis
323 1853 548 1922 Hollwegianum
567 1855 603 1908 ad
621 1856 725 1908 calcem
744 1855 899 1924 apographi
918 1855 1090 1909 Schedarum

138 1921 315 1986 Gaianarum,
335 1921 369 1974 de
382 1921 482 1988 quibus
495 1937 579 1989 supra
596 1939 623 1990 p.
638 1927 693 1975 167.
712 1923 867 1985 retulimus,
884 1939 901 1976 a
918 1922 1089 1991 Boechingio

137 1990 285 2046 adiectum.
315 1988 414 2055 Neque
426 1988 497 2041 hanc
509 1989 640 2042 iteratam
653 2004 767 2056 operam
780 1989 981 2042 infructuosam
992 1988 1087 2054 fuisse,

136 2057 325 2109 iudicaturum
348 2073 359 2107 s
381 2071 440 2119 ero,
464 2056 513 2123 qui
534 2073 561 2109 v.
584 2072 625 2124 gr.
649 2060 688 2120 §t-
709 2062 731 2112 7.
752 2061 791 2109 11.
815 2061 856 2110 18.
881 2060 920 2109 19.
943 2055 1087 2124 utriusque

137 2123 266 2177 editionis
283 2073 439 2176 contuierit.

204 2331 368 2385 Membrana
379 2330 535 2385 Veronensi
547 2347 602 2385 non
619 2330 708 2384 solum
721 2330 812 2383 denuo
831 2330 915 2397 atque
933 2331 1088 2384 accuratius

137 2414 220 2465 quam
238 2400 323 2451 antea
339 2397 458 2462 factum,
481 2399 607 2466 inspecta
625 2398 654 2450 et
671 2396 825 2463 descripta,
848 2396 898 2449 sed
916 2398 1001 2450 etiam
1018 2397 1087 2451 ima·

156 2465 202 2517 ine
221 2465 280 2517 eius
298 2464 375 2517 fideli
392 2464 548 2519 imitatione
567 2466 632 2519 ants
650 2463 744 2517 oculos
765 2463 858 2530 posita
875 2463 1087 2532 ‘Fragmentum
1106 2464 1110 2469 '

137 2483 171 2585 ge
198 2532 258 2585 iure
281 2531 340 2584 fisci
366 2530 456 2584 edidit
479 2531 582 2585 Paulus
603 2531 729 2600 Krueger
751 2529 861 2597 Lipsiae
885 2535 970 2586 1868‘.
1011 2529 1086 2596 Quae

137 2598 222 2653 editio
239 2600 360 2652 maxime
378 2599 408 2651 in
426 2615 510 2652 causa
526 2599 594 2663 fuit,
617 2602 649 2651 ut
671 2602 700 2651 et
716 2597 746 2650 in
763 2597 816 2651 hac
833 2598 919 2652 tortia
935 2615 999 2652 mea
1017 2598 1087 2652 elus-

137 2666 200 2719 dem
218 2666 368 2745 fragmenti
385 2666 576 2746 recognitione
594 2665 670 2719 haud
686 2680 778 2743 pauca
793 2667 852 2718 tam
864 2665 894 2718 in
902 2665 1087 2784 (praemonitis

136 2749 222 2876 erle
237 2747 345 2864 aar
363 2732 787 2876 alterutrumne
808 2731 1085 2875 reclausus

135 2866 218 2919 facrle
237 2865 521 2934 deprehenderentur.
578 2866 690 2936 ruegeri
702 2865 854 2919 editionem
867 2863 1022 2934 significan
1034 2867 1086 2922 Kr.

136 2932 329 3001 apographum
349 2931 411 2986 Olsr.
