2452 3840
223 258 286 322 564
552 271 679 307 nourrrvs
697 271 833 308 varmnvs.

223 395 318 449 schola
334 393 433 447 relicta
449 392 541 446 forum
559 392 664 446 adituri
682 393 769 457 erant,
787 393 855 445 dum
872 392 1034 462 posterioris
1045 393 1172 463 planiore

223 464 253 515 et
269 462 397 515 uberiore
416 460 601 528 explicatione
619 459 675 513 iuri
692 461 721 513 in
740 459 841 514 scholis
853 461 899 514 vel
931 461 1044 514 rivatim
1058 475 1172 529 operam

223 529 330 582 daturis
348 527 505 604 consultum
517 527 586 584 ibat.
617 525 672 580 Sed
684 527 713 579 in
726 527 768 580 dis
791 527 900 604 onendo
908 478 1085 606 ftegularum
1098 529 1172 583 libro

96 612 108 651 :·
154 605 163 645 ·.
184 640 187 645 .
223 599 252 649 et
269 595 372 664 partim
391 595 476 648 etiam
497 610 527 647 m
550 593 742 662 componendo
766 544 831 648 gai,
847 594 1040 649 lnst1tutrones
1062 597 1172 649 secutus

180 728 183 732 ⁴
199 707 214 729 „
223 661 444 731 deprehenditur
461 662 511 727 ita,
523 661 556 713 ut
572 661 724 729 praemisso
736 661 835 714 itidem
848 661 882 715 de
895 661 961 716 iuris
973 662 1098 716 fontibus
1110 663 1172 716 loco

96 730 100 741 “
114 732 128 747 ”
151 729 175 767 ·“·
223 732 257 783 et>
269 746 404 782 summam
422 728 501 781 illam
519 727 684 781 divisionem
700 729 731 782 in
748 726 804 795 ius,
828 728 904 796 quod
922 729 958 782 ad
972 745 1109 807 personas
1126 730 1172 783 vel

83 847 108 855 ,,
222 796 321 855 adres
339 796 384 850 vol
402 796 438 848 ad
456 795 580 849 actiones
591 795 722 864 pertinet,
741 811 893 864 earumque
905 799 1028 864 partium
1041 797 1172 850 distribu-

108 880 129 889 ·’
189 879 193 885 ‘
221 864 312 917 tiones
329 863 359 916 in
376 864 538 916 universum
561 863 708 927 retineret,
731 863 761 916 et
778 863 888 932 singula
906 863 1012 931 capita,
1036 866 1173 932 quatenus

222 930 393 1000 Regularum
406 930 517 984 diversa
527 930 599 984 ratio
611 929 781 996 patiebatur,
792 930 921 984 similiter
929 931 1072 995 tractaret,
1083 932 1173 984 auctis

222 999 318 1051 tamen
336 997 503 1066 quibusdam
521 999 550 1051 et
566 995 707 1050 interdum
720 997 806 1050 etiam
818 999 896 1051 novis
909 998 1033 1051 materiis
1046 997 1170 1062 adiectis,

222 1065 302 1118 velut
319 1064 354 1118 de
373 1065 494 1130 dotibus,
513 1064 547 1118 de
566 1063 762 1116 donationibus
773 1064 848 1117 inter
859 1065 950 1117 virum
963 1067 992 1118 et
1004 1081 1127 1131 uxorem,
1144 1067 1173 1120 et

222 1132 252 1185 in
268 1131 324 1186 fine
336 1133 411 1197 iuris,
450 1131 506 1185 uod
518 1131 554 1184 ad
565 1145 700 1199 personas
711 1131 842 1200 pertinet,
856 1131 891 1186 de
903 1146 975 1185 novo
988 1148 1172 1198 personarum

221 1199 282 1253 iure
301 1215 335 1253 ex
352 1199 416 1267 lege
430 1149 507 1251 (iulia
529 1199 558 1251 et
574 1197 664 1265 Papia
680 1197 824 1266 Poppaea:
847 1214 904 1266 qua
926 1214 956 1252 re
978 1214 1044 1252 sane
1066 1198 1172 1252 factum

223 1267 277 1330 est,
296 1267 329 1319 ut
346 1265 485 1334 quaedam
503 1265 539 1318 ad
556 1263 609 1319 fori
631 1281 712 1317 usum
733 1267 942 1334 pernecessaria
958 1281 1014 1318 non
1032 1265 1171 1320 desidera·

222 1333 327 1397 rentur,
345 1333 394 1386 sed
412 1332 499 1386 etiam
515 1333 549 1384 ut
565 1331 727 1400 perspicuus
744 1332 792 1386 ille
809 1348 903 1386 rerum
916 1332 1172 1389 distribuendarum

223 1401 252 1453 et
268 1401 497 1468 exponendarum
513 1398 589 1464 ordo,
627 1414 663 1451 uo
676 1397 739 1453 Gaii
750 1399 945 1454 Institutiones
956 1400 1106 1460 excellunt,
1125 1401 1171 1454 ad-

221 1466 337 1523 modum
355 1467 550 1520 obscuraretur
567 1467 597 1521 et
608 1416 825 1523 deformaretur.

290 1533 350 1598 Quo
367 1535 425 1587 tem
447 1549 494 1588 ore
513 1534 543 1587 et
554 1549 611 1601 qua
622 1534 731 1588 ratione
742 1533 853 1604 integer
863 1534 978 1603 Ulpiani
990 1534 1063 1589 liber
1075 1535 1109 1588 ad
1121 1535 1172 1589 has

221 1599 336 1656 lacinias
345 1551 475 1655 redarios
486 1599 531 1666 sit,
541 1617 598 1653 non
609 1601 742 1678 cpnvenit
752 1601 827 1654 inter
839 1601 912 1678 viros
926 1603 1030 1655 doctos.
1054 1601 1171 1655 Momm·

221 1669 282 1722 seni
302 1670 345 1721 est
361 1668 513 1735 sententia,
531 1683 587 1721 non
606 1667 654 1720 diu
672 1671 737 1734 post
752 1668 927 1722 Constantini
944 1669 1073 1736 tempora
1090 1670 1171 1723 exsti-

220 1737 288 1790 tisse
305 1734 448 1788 hominem
459 1751 559 1803 parum
571 1734 685 1788 doctum
698 1736 728 1788 et
739 1734 941 1788 incredibiliter
952 1735 1105 1803 stupidum,
1123 1737 1172 1803 qui

184 1836 190 1848 ·
221 1800 336 1870 Ulpiani
346 1801 458 1864 librum,
471 1803 504 1854 ut
515 1801 577 1867 iuri,
590 1816 645 1869 quo
657 1802 718 1854 tum
730 1802 890 1867 utebantur,
900 1802 988 1871 magis
1000 1802 1171 1867 conveniret,

220 1869 325 1937 partim
336 1867 472 1922 breviarit
487 1869 589 1935 partim
602 1869 730 1932 mutarit,
748 1866 844 1936 itaque
857 1884 898 1934 ea,
913 1885 985 1936 quas
1000 1869 1036 1922 ad
1047 1885 1098 1923 nos
1109 1886 1171 1990 per-

221 1934 359 1999 venerint,
376 1950 432 1988 non
449 1935 586 1989 tamlibri
597 1934 714 2003 Ulpiani
730 1935 771 1988 Re
795 1936 903 1989 ularum
936 1951 1000 1990 uam
1015 1937 1098 1990 huius
1129 1953 1171 1991 re-

221 2001 304 2057 viarii
314 2001 446 2070 reliquias
455 2017 523 2058 esse.
551 2002 627 2067 Quae
636 2003 731 2070 opinio
740 2003 779 2055 mi
800 2003 885 2057 iideo
898 1953 1047 2057 admodum
1059 2004 1171 2059 videtur

221 2070 281 2125 veri
299 2069 449 2136 dissimilis,
467 2069 543 2137 quod
560 2069 643 2123 nimis
655 2069 798 2138 stupidum
810 2070 886 2138 cogit
896 2085 1002 2137 ponere
1015 2071 1171 2135 hominem;

220 2137 343 2206 primum
365 2136 442 2192 enim
462 2138 492 2190 in
514 2154 566 2190 usu
588 2136 653 2201 fori,
679 2153 763 2205 quem
785 2136 960 2204 potissimum
981 2138 1006 2190 is
1032 2140 1171 2204 spectasse

220 2203 1170 2340 arbritratus?ittarta&tolutatura·

220 2338 341 2392 viarium
358 2338 555 2392 auctoritatem
574 2353 632 2391 esse
649 2312 829 2390 habiturum?
854 2336 961 2391 Deinde
980 2338 1056 2405 quod
1067 2338 1111 2391 ius
1123 2339 1171 2392 ob·

221 2404 343 2458 soletum
365 2404 532 2472 quibusdam
548 2403 617 2458 locis
639 2420 673 2458 ex
695 2404 766 2457 libro
790 2420 932 2458 exsecasse
954 2404 1069 2469 dicitur,
1096 2405 1172 2459 idem

221 2471 290 2525 alibi
307 2470 452 2537 reliquisse
471 2470 697 2538 deprehenditur.
728 2470 828 2536 Taceo,
847 2471 923 2538 quod
939 2472 1078 2538 quaedam
1090 2487 1171 2541 argu·

220 2539 317 2592 menta
328 2537 454 2592 consulto
465 2537 559 2592 omissi
570 2539 674 2591 veteris
690 2537 758 2591 iuris
770 2537 849 2591 velut
859 2543 900 2603 27,
914 2544 937 2591 1.
949 2545 990 2601 20,
1000 2545 1024 2593 2.
1039 2545 1078 2593 10.
1093 2546 1115 2604 1,
1127 2545 1169 2593 21.

219 2607 331 2660 tantum
342 2620 377 2659 ex
389 2605 528 2660 mendosis
535 2605 702 2659 lectionibus
711 2604 889 2672 colliguntur.
915 2605 1043 2673 Denique
1054 2607 1077 2659 si
1087 2622 1171 2674 quae-

221 2673 287 2728 dam
305 2671 441 2727 eiusmodi
458 2672 559 2727 omissa
576 2673 648 2738 sunt,
685 2672 742 2727 uod
758 2671 864 2726 factum
882 2688 937 2726 non
955 2688 1043 2741 nego,
1062 2675 1092 2728 at
1108 2676 1173 2728 sunt

221 2740 307 2819 etiam
325 2739 426 2805 multa,
445 2755 517 2808 quae
534 2755 591 2793 non
609 2690 812 2818 obsriieverant,
832 2755 905 2808 quae
916 2741 1046 2808 utraque,
1064 2741 1171 2808 opinor,

220 2808 330 2861 facilius
352 2808 387 2861 ad
410 2824 502 2862 casum
524 2808 625 2861 natura
647 2824 697 2861 sua
717 2810 826 2860 rotrone
849 2808 1004 2873 carentem,
1028 2824 1112 2875 quam
1135 2807 1172 2862 ad

221 2874 367 2928 consilium
383 2874 504 2928 hominis
521 2874 657 2942 Epicureo
675 2889 741 2927 casu
758 2888 814 2926 non
832 2873 984 2927 consultius
1002 2876 1170 2929 reseruntur.

220 2942 319 3008 ltaque
337 2941 445 2994 ratione
463 2957 496 2995 ac
514 2940 628 2994 consilio
647 2956 711 2994 eum
721 2940 833 2994 tantum
849 2956 930 2994 usum
941 2941 1109 3009 putaverim,
1123 2943 1172 3010 qui

220 3009 250 3061 in
267 3008 348 3061 ruina
364 3006 414 3061 illa
430 3008 534 3060 veteris
555 3006 622 3061 iuris
640 3007 741 3069 civilis,
763 3007 815 3061 hoc
833 3007 876 3061 est
893 3007 967 3061 circa
983 3007 1068 3062 finem
1086 3009 1171 3062 seculi

222 3074 326 3142 quinti,
345 3075 451 3141 primus
469 3090 503 3128 ex
521 3073 568 3126 ‘Ul
589 3074 647 3127 iani
665 3082 790 3143 corpoch
808 3073 882 3129 hunc
899 3074 988 3129 solum
1005 3076 1109 3129 librum
1126 3077 1171 3130 vel

221 3142 400 3219 exscripserit
415 3141 461 3194 vel
479 3157 551 3209 quae
568 3092 637 3218 iiiuc
653 3141 783 3261 religare·
797 3157 832 3194 ex
855 3157 887 3196 eo
906 3143 987 3196 erant
1002 3145 1097 3212 partes
1115 3159 1170 3197 ser·

221 3211 337 3272 vavent,
350 3211 381 3262 nt
392 3210 466 3261 mter
478 3210 573 3262 cetera
584 3225 704 3276 1ur1spru
727 3210 819 3262 entiae
831 3196 944 3275 himina,
960 3226 1032 3278 quae
1045 3210 1170 3264 Valenti·

220 3277 320 3330 nianus
331 3275 381 3331 ΙΙΙ.
394 3274 618 3354 praedicaverat,
636 3277 666 3330 et
677 3276 772 3330 cetera
788 3275 965 3344 aliquatenus
981 3279 1093 3330 servata
1104 3277 1171 3330 iuris

220 3344 266 3398 vel
284 3343 410 3399 discend1
426 3342 473 3396 vel
497 3342 617 3396 docendi
639 3344 669 3396 et
692 3343 880 3464 respondendi
901 3343 1042 3413 praesidia
1058 3344 1170 3414 Ulpiani

221 3427 332 3480 quoque
343 3410 556 3465 celeberrimum
566 3425 669 3464 nomen
678 3412 734 3464 stu
750 3410 894 3463 'lissimum
903 3427 971 3479 opus
980 3412 1167 3469 retineretur.¹
1181 3425 1225 3473 [le

222 3538 433 3548 -—-—-—-.-

295 3601 314 3670 ¹)
328 3605 464 3654 Vaticanum
473 3605 567 3670 Ulpiani
581 3605 689 3657 codicem
697 3607 806 3670 primitus
816 3620 829 3656 e
839 3606 923 3655 codice
935 3603 1054 3670 ‘corporis
1064 3604 1168 3671 Ulpiani’
