2452 3840
201 195 265 261 628
408 216 513 252 nourrm
532 216 638 253 varrum
657 201 689 268 (i)
708 220 743 253 nn
762 217 841 253 enin.
861 219 936 254 coen.

196 345 297 417 frater
319 353 346 402 ei
367 339 501 423 soror);1
528 348 591 402 item
614 347 769 403 consobrini
791 363 875 419 nepos
899 348 1057 420 neptisqne;
1086 350 1149 405 item

199 431 350 502 propatrui,
371 431 526 503 proamitae,
548 431 735 504 proauunculi,
757 439 967 504 promaterterae
984 429 1040 501 ssiu,
1062 430 1148 506 filiae,

199 514 263 568 item
278 513 388 583 sobrini,
405 512 540 587 sobrinae,
562 513 588 570 id
604 516 705 588 estqui
722 531 826 588 quaeue
842 531 874 571 er
889 514 995 571 duobus
1011 515 1149 572 consobri-

199 597 240 651 nis
257 606 430 670 generantur.

569 749 780 757 ———

266 909 441 978 Argumenta
455 911 547 964 vicina
559 912 624 964 sunt
635 911 785 964 stemmata
797 910 977 978 agnationum
991 911 1037 965 vel
1049 927 1149 982 cogna-

199 974 307 1029 tionum
324 977 354 1029 in
371 978 467 1030 multis
484 979 610 1045 variique
629 978 786 1047 argumenti
809 978 951 1032 codicibus
974 997 1038 1032 mss.
1057 995 1150 1034 occur·

197 1043 297 1109 rentia,
316 1044 350 1097 de
369 1044 469 1112 quibus
487 1045 624 1098 videndus
642 1047 686 1098 est
703 1044 839 1098 Schrader
857 1045 892 1098 ad
910 1045 999 1099 instit
1012 1053 1036 1111 3,
1049 1052 1073 1102 6,
1087 1052 1110 1111 5.
1124 1054 1148 1102 9.

198 1127 226 1176 p.
238 1115 296 1164 452.
316 1112 345 1163 et
363 1111 411 1178 qni
429 1128 476 1164 sex
494 1111 596 1165 formas
614 1113 717 1178 partim
736 1115 836 1165 novas²
853 1112 883 1164 in
896 1112 974 1165 codd.
987 1112 1058 1182 legis
1069 1113 1149 1170 Rom.

198 1177 409 1244 Visigothorum
427 1181 554 1246 repertas
572 1178 668 1241 edidit,
683 1177 760 1231 Gust.
774 1178 889 1233 Haenel.
902 1179 931 1231 in
943 1179 986 1232 ed.
1000 1180 1054 1248 leg.
1067 1179 1148 1234 Rom.

198 1242 336 1312 Visigcth.
355 1245 442 1312 praei.
461 1262 488 1312 p.
506 1244 604 1297 XXIV.
624 1244 796 1303 LXXXVIII.
831 1245 872 1298 Ex
894 1246 937 1298 his
955 1247 1149 1302 stemmatibus

198 1326 255 1364 non
272 1326 363 1379 pauca
380 1328 414 1364 ex
431 1311 511 1365 libris
523 1312 642 1364 Romani
653 1312 721 1364 iuris
732 1314 876 1381 protracta
894 1328 954 1366 esse
971 1313 1029 1367 iam
1041 1313 1149 1368 Haene·

197 1378 252 1431 lius
269 1379 346 1432 recte
363 1378 507 1432 iudicavit.
543 1378 597 1432 Sed
616 1393 711 1432 eorum
748 1395 840 1447 noque
858 1395 923 1447 pars
935 1380 976 1433 ita
988 1383 1150 1449 comparata

199 1445 250 1510 est,
270 1446 302 1497 ut
320 1445 355 1498 ab
373 1446 383 1497 i
405 1447 442 1522 ais
460 1445 543 1510 letis,
563 1445 664 1514 quide
683 1397 816 1514 gradibus
833 1447 1016 1521 scripserunt,
1036 1463 1070 1500 ea
1086 1464 1149 1516 pro-

198 1513 274 1565 fecta
291 1527 351 1566 esse
393 1513 503 1566 abitare
520 1513 617 1577 Iiceat,
640 1515 784 1580 persiam
806 1529 906 1566 manca
929 1513 974 1566 vel
992 1513 1150 1568 deformata

199 1579 235 1632 ad
252 1593 302 1633 nos
318 1580 456 1648 pervenit,
474 1582 507 1632 ut
524 1579 639 1632 difficile
657 1581 693 1632 sit
711 1579 745 1632 de
763 1580 798 1634 iis
815 1580 947 1636 iudicare.
979 1579 1041 1633 Duo
1053 1583 1149 1634 tamen

198 1645 1051 1781 itipirfiaaaaattaminati·iiiiii?
1066 1647 1149 1767 iiii?

199 1780 257 1833 cius
274 1780 303 1832 in
320 1779 411 1832 fronte
430 1753 596 1848 ex'emplaris
615 1779 801 1834 Theodosiani
813 1755 923 1834 Codicis’
938 1796 988 1836 ms.
1006 1782 1150 1849 repertum

199 1846 264 1901 Oba.
277 1852 301 1912 6,
313 1851 354 1900 40.
373 1845 479 1914 primus
518 1846 603 1900 ublici
619 1847 687 1899 iuris
699 1847 767 1900 fecit
779 1849 808 1900 et
819 1848 848 1898 in
860 1847 1036 1913 quibusdam,
1049 1864 1149 1916 parum

198 1915 295 1968 tamen
310 1913 476 1978 illustravit,
494 1865 594 1968 deinde
606 1913 792 1981 Boeckingius
808 1932 835 1982 p.
852 1920 906 1966 171.
920 1930 994 1982 corp.
1007 1915 1060 1967 iur.
1073 1916 1149 1968 ante·

198 1982 262 2038 iusi.
276 1981 306 2035 et
314 1979 465 2034 Haenelius
476 1981 495 2034 l.
507 1997 528 2034 c.
542 1981 742 2048 repetiverunt,
754 1981 816 2046 ipsa
827 1980 1009 2048 inscriptione
1018 1983 1149 2048 testante,

198 2052 241 2101 ius
264 2047 454 2117 legitimarum
478 2047 678 2101 hereditatium
702 2046 847 2113 antiquum
866 2046 1001 2113 illustrat,
1020 2064 1075 2126 quo
1092 2064 1149 2102 non

199 2115 372 2169 exstantibus
396 2115 453 2168 suis
475 2115 625 2168 heredibus
646 2114 705 2166 sive
729 2111 861 2167 masculis
888 2113 946 2167 sive
969 2115 1092 2180 feminis,
1120 2114 1149 2168 in

198 2182 301 2251 quibus
322 2181 400 2235 nulla
423 2182 525 2260 gradus
548 2182 618 2235 ratio
640 2180 773 2246 babetur,
801 2181 905 2248 quique
925 2181 1024 2300 piures
1051 2182 1149 2236 eodem

199 2249 289 2318 gradu
300 2249 374 2302 inter
392 2264 421 2302 se
440 2253 525 2302 etiam
543 2247 741 2318 consanguinei
759 2250 830 2311 sunt,
851 2263 924 2316 agna
948 2265 960 2300 s
1012 2249 1067 2302 adu
1084 2265 1149 2325 pro·

199 2316 290 2380 rimis,
304 2317 353 2368 sed
365 2316 494 2368 masculis
507 2316 651 2378 duntaxat,
664 2314 804 2368 hereditas
814 2314 947 2368 defertur.
996 2332 1032 2369 ua
1041 2317 1148 2370 ratione

199 2383 229 2434 in
246 2381 299 2434 hac
316 2381 406 2434 forma
423 2381 537 2434 domum
556 2382 583 2446 (i.
597 2398 620 2435 e.
639 2381 784 2446 familiam)
803 2379 954 2450 effingente
972 2381 1015 2432 sui
1032 2381 1150 2437 heredes

200 2449 258 2502 sive
278 2447 506 2501 descendentium
525 2449 625 2517 stirpes
643 2451 672 2502 et
690 2448 785 2525 agnati
808 2451 941 2515 tanquam
959 2446 1031 2500 duae
1050 2448 1149 2502 domus

200 2516 430 2585 contignationes,
449 2515 564 2569 inferior
582 2517 611 2569 et
633 2531 770 2593 supemor,
793 2516 967 2582 separantur,
991 2516 1032 2568 ita
1053 2515 1149 2568 tamen

199 2583 277 2637 utin
293 2583 419 2637 inferiori
435 2583 510 2651 pilae
528 2585 645 2642 tautum,
665 2601 694 2635 1n
707 2582 843 2650 superiori
855 2582 938 2645 scala,
957 2581 1034 2635 cuius
1045 2581 1150 2649 gradus
1160 2608 1218 2658 [532]

199 2651 306 2719 proprii
318 2651 390 2716 sunt,
411 2651 602 2718 ostendantur,
622 2652 651 2704 et
661 2651 690 2702 in
703 2650 845 2719 superiori,
861 2649 955 2703 media
966 2663 1078 2703 suorum
1090 2649 1150 2717 pila

274 2841 293 2908 1)
308 2845 382 2894 Ha'ec
400 2845 529 2894 excidisse
548 2860 598 2895 non
617 2846 699 2893 minus
718 2845 745 2893 in
764 2844 854 2906 aprico
873 2849 922 2900 esi,
944 2858 1019 2906 quam
1037 2858 1085 2892 cur
1103 2857 1149 2892 ex-

201 2915 321 2965 ciderint.
351 2915 412 2964 odd.
428 2915 496 2979 quod
508 2915 551 2964 liic
565 2916 706 2973 adiiciunt,
725 2914 848 2976 neptisque
867 2913 1064 2977 eaepnnpendum
1078 2920 1150 2970 erun

200 2985 369 3035 aberraverat
383 2985 508 3034 librarius
522 2986 557 3035 ad
570 2988 698 3050 sequentis
712 2984 943 3048 comprehensionis
957 2983 1059 3032 verbum
1070 2984 1150 3046 finale

200 3063 226 3106 et
239 3061 366 3118 comperio
381 3071 471 3105 errore
482 3071 620 3119 perperam
633 3058 756 3118 scriptam
770 3055 893 3104 inducere
906 3054 1052 3117 supersedit
1056 3070 1066 3110 ,·
1080 3054 1152 3103 baad

201 3142 261 3176 vero
276 3141 310 3175 ecc
322 3125 415 3177 Beecir.
432 3129 463 3188 ej.
480 3127 599 3175 antehoc
617 3125 719 3174 uerbum
736 3126 903 3188 supplendam
922 3125 1002 3173 iratris
1021 3132 1044 3172 et
1059 3123 1150 3173 sororis

201 3198 328 3261 patruelis,
344 3197 368 3246 id
383 3204 418 3245 esi
433 3197 524 3244 amitini
540 3198 680 3244 amitinaeue
696 3211 777 3258 nepos.
808 3196 845 3258 Cf.
861 3197 883 3257 5.
900 3207 928 3253 7.,
944 3195 987 3244 abi
1001 3194 1077 3244 ICtus
1092 3196 1151 3244 iiam

199 3269 318 3333 generali
332 3269 377 3317 ilio
391 3282 466 3323 sensu
482 3265 514 3332 (ξ.
530 3266 561 3332 6.)
577 3266 725 3316 consobrini
739 3282 799 3316 noce
814 3281 875 3315 risus
889 3273 934 3316 esi.

274 3335 295 3402 2)
310 3334 428 3388 Invenies
447 3353 490 3387 eas
509 3338 544 3386 ad
562 3340 657 3386 calcem
675 3338 713 3386 ed.
734 3339 798 3402 IepIe
818 3337 888 3386 Iiom.
914 3337 1039 3400 Visipoib.
1071 3335 1152 3396 Quum

202 3415 284 3458 iumen
299 3416 391 3473 quarto
406 3412 462 3459 loco
473 3411 583 3472 positam
597 3411 698 3471 primns
719 3408 829 3457 edidisse
843 3407 894 3456 sibi
907 3408 976 3455 uisne
995 3412 1033 3455 est
1046 3408 1088 3455 vir
1101 3423 1151 3457 me·

202 3480 352 3538 ritiseimas,
371 3480 476 3529 eandem
494 3482 554 3529 licei
572 3481 624 3529 alio
643 3479 765 3541 exserite
784 3480 834 3527 iam
853 3480 1003 3541 culpaverat
1016 3475 1152 3544 Spanpen·

203 3547 307 3615 berytus
320 3551 447 3613 infreme
462 3551 500 3599 ed.
516 3565 586 3613 corp.
602 3553 653 3599 ίαν.
669 3551 716 3598 civ.
734 3549 844 3612 Gottinp.
864 3547 930 3599 Tem.
946 3547 968 3596 Ι.
