2452 3840
446 201 570 238 nourrius
588 201 724 238 varinnas.
995 182 1059 248 565

108 325 237 380 Ceterum
255 323 369 377 illorum
386 322 475 391 probo
493 322 674 386 sententiam,
699 323 748 391 qui
770 321 854 376 variis
876 322 986 376 casibus
1002 321 1060 376 iam

106 407 163 445 non
181 390 356 451 definiendis,
376 389 451 443 haud
464 404 530 443 vero
544 390 621 443 certa
632 389 741 442 ratione
759 404 801 454 ea,
821 405 892 457 quae
904 390 934 442 in
945 389 1061 458 Ulpiani

106 460 179 513 libro
198 458 401 522 desiderantur,
419 457 536 526 periisse
553 458 663 526 putant,
681 455 723 509 ita
734 458 829 510 tamen
841 458 874 510 ut
885 457 962 510 casui
974 456 1060 510 etiam

105 525 285 580 librariorum
307 525 420 579 fraudes
443 524 489 578 vel
506 523 588 576 unius
606 523 768 589 alteriusve,
792 523 841 590 qui
864 524 967 577 librum
984 524 1060 576 tran·

107 593 285 648 scribendum
303 592 397 655 daret,
420 590 621 659 parsimoniam
639 591 777 659 quaedam
795 591 887 644 minus
904 590 1062 644 necessaria

107 660 255 714 alibrario
279 675 334 712 non
358 659 518 738 exigentem
542 656 719 711 adnumerari
736 657 834 711 velim:
858 658 962 711 similes
985 657 1061 711 enim

106 727 222 781 iniurias
245 726 330 780 etiam
354 725 417 779 Gan
440 725 592 793 epitomum
615 726 645 778 et
666 724 758 778 Paulli
781 725 940 780 Sententias
965 740 1061 793 passas

108 809 167 849 esse
186 795 304 848 constat.
338 792 399 846 Hoc
417 792 440 844 si
457 795 593 856 tenemus,
611 791 641 844 in
660 792 757 846 critica
774 792 930 846 exercenda
945 807 1002 845 non
1019 792 1060 844 in-

107 861 178 915 certi
196 861 225 914 et
241 861 315 913 inter
332 858 448 927 Ulpiani
471 861 500 912 et
522 858 689 912 breviatoris
707 875 823 912 manum
840 859 919 926 quasi
936 859 1061 927 suspensi

107 928 301 990 titubabimus,
311 926 360 980 sed
372 927 476 994 ubique
488 925 608 994 Ulpiano
618 926 686 993 quid
699 926 825 995 dignum,
835 925 904 992 quid
913 925 1061 996 indignum

107 995 151 1061 sit,
190 1011 347 1048 uaeramus.

171 1011 259 1115 initio
277 1061 375 1115 harum
393 1059 575 1127 reliquiarum
593 1075 684 1128 pauca
702 1059 777 1113 etin
795 1060 849 1113 fine
867 1059 958 1114 multa
971 1073 1060 1126 eaque

108 1130 183 1183 certe
207 1145 271 1183 casu
293 1128 422 1198 periisse,
445 1143 541 1180 omnes
564 1127 748 1184 consentiunt.
782 1125 824 1181 De
847 1126 941 1192 initio,
964 1126 1015 1179 ubi
1031 1126 1061 1179 in

109 1195 139 1255 C.
156 1194 221 1251 Vat.
244 1196 316 1249 hanc
339 1195 419 1248 velut
439 1194 650 1261 inscriptionem
672 1212 755 1248 mom.
779 1213 873 1248 rmum
889 1212 924 1247 nx
942 1211 1061 1246 corrosa

106 1280 220 1317 varrum
238 1263 340 1316 ‘Mores
358 1262 423 1315 sunt
440 1261 542 1315 tacitus
560 1277 708 1314 consensus
725 1261 823 1330 populi
845 1262 931 1330 longa
947 1277 1061 1315 consue-

107 1330 205 1384 tudine
224 1329 410 1383 inueteratus’
430 1329 536 1396 excipit
553 1329 637 1382 index
655 1328 815 1393 titulorum,
835 1328 936 1382 deinde
955 1344 1059 1387 versus.

108 1397 131 1450 si
148 1396 199 1449 illa
218 1405 320 1449 ‘mores
333 1434 360 1449 ..
377 1437 383 1450 .
402 1396 586 1449 inueteratus’
606 1411 796 1461 connumeras,
814 1395 860 1449 bia
873 1395 984 1464 septeni
996 1394 1062 1447 deni

108 1464 218 1516 inverso
246 1463 344 1515 ordine
371 1462 468 1529 scripti
490 1464 567 1527 sunt,
593 1462 746 1515 bellissima
768 1463 862 1516 estet
889 1462 957 1516 satis
984 1463 1062 1515 certa

34 1559 40 1565 -
107 1529 274 1583 Mommseni
292 1526 461 1594 coniectura,
480 1529 530 1581 hos
547 1528 576 1581 iu
595 1529 690 1582 codice
702 1529 758 1582 iam
770 1529 878 1592 mutilo,
895 1530 970 1582 uude
983 1528 1061 1582 Vati-

109 1613 195 1650 canus
212 1595 351 1662 manavit,
370 1595 454 1665 primi
470 1595 532 1648 folii
549 1596 629 1649 binas
646 1597 764 1665 paginas
786 1595 952 1664 complesse,
974 1596 1061 1662 idque

107 1663 251 1718 librarium
271 1681 333 1716 cum
352 1663 474 1716 solutum
491 1662 651 1728 invenisset,
669 1663 777 1718 infelici
794 1679 861 1717 casu
872 1663 1019 1716 invertisse
1032 1664 1063 1715 et

108 1731 148 1784 sic
165 1731 381 1799 transcripsisse.
417 1729 473 1783 Sed
490 1730 545 1783 duo
564 1731 667 1784 addere
686 1730 764 1784 licet:
783 1730 914 1800 primum,
932 1729 1003 1784 illud
1020 1728 1061 1783 fo-

107 1798 178 1850 lium
189 1799 220 1850 in
229 1797 383 1850 vetustiore
396 1797 491 1850 codice
505 1797 627 1865 corporis
637 1798 753 1866 Ulpiani
764 1801 937 1865 postremum
950 1798 1061 1865 quater·

108 1864 199 1917 nionis
220 1863 305 1916 fuisse
328 1862 433 1927 videri,
459 1864 488 1914 in
515 1879 570 1930 quo
593 1863 674 1917 solito
697 1880 773 1917 more
796 1866 902 1933 pariter
924 1866 1009 1932 atque
1031 1865 1062 1918 in

108 1931 198 2008 primo
211 1929 384 1998 adscriptum
395 1945 480 2006 supra
491 1930 521 1981 in
534 1930 670 1983 exteriore
688 1932 815 2000 margine
828 1933 902 1986 esset
914 1950 989 1984 conr.
1000 1949 1062 1987 var.

109 2000 151 2052 sta
168 1999 200 2050 ut
217 1998 288 2051 hanc
309 1997 520 2064 inscriptmnem
544 1996 638 2049 statim
662 1999 827 2064 sequeretur
845 1997 963 2051 initialis
979 1998 1062 2051 huius

109 2066 230 2134 paginae
248 2063 387 2132 scriptura
410 2072 513 2118 ‘mores
535 2067 609 2118 sunt’
633 2065 700 2130 etc.;
723 2065 777 2117 hoc
802 2065 876 2118 enim
900 2065 958 2119 sine
977 2064 1063 2119 dubio

42 2165 44 2170 ·
109 2132 198 2186 movit
214 2131 369 2196 librarium,
387 2132 446 2185 tam
464 2133 496 2185 ut
512 2132 584 2185 banc
601 2131 735 2252 paginam
752 2133 834 2198 quasi
852 2130 1062 2200 inscriptionem

85 2221 88 2228 ·
110 2199 299 2252 continentem
326 2215 376 2267 pro
403 2199 541 2252 anteriore
573 2199 703 2264 haeret,
731 2214 816 2267 quam
842 2201 875 2253 ut
900 2199 988 2252 verba
1012 2198 1063 2253 illa

109 2275 211 2319 ‘mores
225 2307 230 2318 .
243 2310 249 2322 .
261 2308 267 2318 .
280 2267 471 2331 inueteratus',
491 2266 521 2318 in
534 2266 602 2332 cod,
616 2283 679 2320 cum
692 2266 929 2321 introductionem
940 2265 1061 2332 finirent,

109 2332 329 2412 assequentibus
352 2333 441 2401 spatio
470 2332 614 2399 distincta,
642 2333 790 2411 deficiente
814 2333 956 2454 ceterozui
978 2333 1062 2388 titulo

110 2399 1063 2535 turbabimurulalate-lllltitillat

39 2543 100 2591 [rso]
109 2484 244 2586 1ilrlrferiore
272 2536 353 2602 parte
378 2533 534 2610 ⁸abscissum
560 2535 675 2612 suisse3.
691 2508 758 2589 iram
783 2487 846 2613 neg·
860 2535 1062 2611 septemdecim

110 2615 206 2653 versus
232 2598 296 2654 Vat.
323 2599 427 2653 cadmia
453 2602 580 2668 integrae
609 2617 731 2669 paginae
758 2601 913 2665 suificrunt,
943 2603 977 2655 ut
1005 2618 1062 2654 ram

109 2666 304 2720 Lachmannus
322 2667 398 2720 recte
414 2666 561 2733 iudicavit,
579 2668 609 2721 et
625 2667 664 2720 sic
682 2668 850 2736 explicatur,
868 2683 955 2735 quare
972 2669 1063 2722 utros-

110 2839 227 2887 mauasss,
241 2839 311 2888 quem
325 2827 438 2888 grandem
452 2834 476 2875 el
491 2827 599 2890 inprimis
613 2828 721 2876 versibus
732 2834 768 2877 sat
777 2827 854 2889 longis
863 2829 978 2891 scriplum
989 2828 1062 2877 luisse

110 2896 208 2945 credere
227 2910 270 2958 par
289 2903 337 2958 est,
358 2898 408 2945 eius
427 2899 462 2946 rel
482 2898 559 2946 adbuc
578 2898 641 2947 aliud
659 2913 752 2961 quoquc
771 2899 895 2960 vestigium
909 2906 1020 2962 superest
1037 2900 1062 2948 iu

110 2966 212 3028 quodam
226 2966 335 3015 vitiorum
349 2968 482 3029 generula
497 2967 608 3017 Vaticano
624 2968 686 3030 cod,
700 2969 763 3032 quod
778 2969 883 3018 editores
898 2970 963 3031 lugit,
979 2969 1062 3018 admo-

110 3036 165 3085 dum
184 3037 314 3098 frequenti,
334 3038 376 3086 ssd
394 3044 419 3086 et
437 3052 465 3086 eo
484 3038 556 3086 mullo
578 3039 717 3102 antiquiore.
747 3038 806 3088 lllud
821 3040 888 3102 dico,
908 3040 971 3104 quod
990 3053 1062 3105 saepe

110 3106 222 3154 vocabula
237 3107 327 3168 singula
342 3107 378 3156 vel
392 3109 513 3172 complura
529 3109 674 3171 exciderunt,
689 3124 748 3173 quae
763 3110 839 3158 allano
854 3112 906 3159 loco
917 3124 978 3159 nunc
989 3110 1062 3159 inter·

111 3175 166 3225 dum
181 3177 260 3225 multis
275 3175 328 3242 (sed
343 3186 367 3226 et
380 3177 503 3243 brevibus)
518 3179 626 3228 versibus
640 3180 743 3229 distante
757 3181 847 3230 inserta
861 3188 924 3242 sunt,
938 3181 1001 3229 velut
1010 3192 1030 3242 a,
1040 3192 1061 3232 8.

110 3257 131 3309 a,
145 3259 166 3298 a.
180 3257 201 3299 a.
216 3257 237 3310 o,
253 3259 273 3298 a.
289 3259 310 3310 s,
325 3259 345 3298 a
361 3259 382 3306 s,
398 3249 431 3298 7⁸.
447 3259 480 3310 11,
496 3259 516 3300 s.
531 3261 564 3311 rc,
580 3262 600 3300 1.
616 3262 649 3315 rs,
664 3262 684 3301 a.
699 3261 733 3309 ao,
747 3262 768 3301 s.
783 3261 817 3310 aa,
832 3263 865 3302 ra
876 3253 922 3300 24⁵.
938 3261 972 3312 ar,
983 3261 1016 3300 rs.
1027 3260 1062 3301 25.

110 3327 143 3378 as,
158 3329 178 3368 4.
193 3327 214 3369 s.
229 3329 262 3368 ro.
278 3331 310 3369 11.
327 3329 359 3368 rr.
379 3330 413 3376 ac,
430 3329 448 3369 r.
471 3329 504 3381 as,
520 3331 552 3370 rs.
572 3330 606 3382 aa,
622 3332 640 3371 1.
670 3320 720 3370 lloc
736 3322 811 3383 enim,
826 3335 879 3370 cum
894 3335 952 3384 quse
968 3320 1062 3369 ercide-

109 3394 175 3450 raut,
194 3387 261 3436 initio
281 3403 294 3437 e
313 3389 409 3451 regione
429 3388 458 3439 ad
477 3389 605 3451 marginem
625 3391 732 3455 suppleta
751 3405 804 3440 csse
823 3390 927 3455 putanda
946 3391 1005 3453 siut,
1025 3391 1062 3440 vir

110 3457 161 3506 lieri
175 3459 259 3521 potuit,
274 3458 320 3508 uisi
334 3460 456 3522 antiquum
472 3460 536 3509 illum
552 3461 666 3523 codicem,
676 3461 699 3510 iu
710 3476 756 3525 quo
767 3462 799 3510 ita
809 3461 982 3526 inserebantur,
993 3476 1061 3526 prac-

110 3527 191 3589 longos
205 3541 288 3578 versus
301 3529 413 3580 habuisse
428 3544 511 3594 ponas.
