2452 3840
199 165 262 231 630
501 181 638 218 arsamus
655 181 846 219 cocunuioiivu.

265 305 391 358 Alterum
403 306 522 358 stemma
533 305 677 372 praestant
686 303 794 424 gartim
806 303 905 381 Isidori
917 303 992 373 Orig.
1003 310 1026 370 9,
1037 310 1060 358 6.
1073 310 1096 369 θ.
1106 311 1150 363 28.

198 376 328 441 (quarum
349 388 415 423 usus
438 388 499 424 snm
521 371 564 428 ed.
586 370 615 424 F.
634 370 666 428 V.
711 372 797 423 ttonis
818 387 847 423 m
865 370 1051 426 Lindemanni
1072 387 1104 426 co
1142 416 1149 429 .

218 455 315 492 ramni.
332 437 393 493 Lat.
412 439 459 491 ΙΙΙ.
499 479 505 490 .
524 440 585 505 312)
603 453 638 492 ex
654 437 750 514 multis
768 437 847 492 codd.
870 454 934 515 mss.
956 439 1060 507 partim
1077 437 1118 492 Lu
1142 481 1148 495 .

197 458 358 583 {tarnadae
374 506 436 583 loco
454 456 580 582 aril’aul.
593 510 618 582 4,
633 511 672 562 11.
692 505 777 558 citato
795 520 830 557 ex
844 503 953 572 Contio,
972 507 1021 574 qui
1039 521 1073 559 ox
1086 505 1151 560 aliis

197 573 367 627 membranis
384 573 415 625 id
432 588 560 625 sumsisse
578 572 698 636 videtur,
716 588 779 625 cuin
791 571 890 624 Isidori
908 574 1079 626 mentionem
1091 589 1150 628 non

196 641 294 706 faciat,
317 642 346 694 et
362 640 391 693 in
428 639 574 693 uibusdam
593 638 705 708 gravius
723 653 809 706 quarn
826 638 926 692 Isidori
947 640 1057 694 codices
1074 641 1151 694 inter

197 724 226 762 se
245 708 392 776 discrepet.
449 709 547 775 terque
564 707 627 760 fons
644 707 699 760 suis
717 709 746 759 et
764 705 914 760 virtutibus
932 708 962 760 et
979 706 1088 760 mendis
1105 709 1151 762 est

196 775 326 847 insignia
350 788 437 851 quare
456 790 490 828 ex
512 776 630 851 utroque
653 774 760 852 optima
777 789 906 840 quaeque
924 773 974 827 sed
991 775 1021 828 et
1038 790 1075 851 aa
1089 789 1149 828 cor-

196 844 275 896 recta
296 841 391 910 selegi.
425 841 466 893 Ex
486 841 583 895 Contio
606 841 710 893 retinui
728 839 843 894 cellulas
864 856 960 894 omnes
976 841 1149 918 quadrilate-

195 911 269 963 rales
290 911 380 986 iisque
403 909 552 978 inscriptos
573 922 704 985 numeros
717 906 879 985 Romanos,
905 923 968 961 cum
990 925 1020 962 1n
1042 908 1149 963 Isidoro

196 975 408 1030 ascendentium
420 977 449 1029 et
461 975 688 1029 descendentium
701 976 757 1028 sint
768 975 839 1028 trian
862 973 955 1029 ulares
967 976 997 1029 et
1005 990 1100 1029 omnes
1112 975 1148 1030 ab

197 1043 352 1145 editoribus
363 1043 481 1097 arabicis
492 1042 616 1144 usmetis
634 1041 781 1140 signatae,
798 1041 830 1094 In
842 992 979 1119 {cutiano
994 1041 1148 1120 encmplan'

196 1112 283 1252 aar
301 1111 523 1254 ,astutia
542 1108 691 1254 ,limiti
702 1108 787 1239 lla
805 1108 1017 1254 {inritatu
1037 1111 1150 1254 itala

196 1245 322 1320 arctioris
344 1243 427 1296 huius
444 1243 665 1320 necessitudinis·
677 1258 761 1318 causa
777 1258 799 1319 a·
811 1258 842 1295 ce
857 1259 912 1320 eris
929 1243 1076 1362 {indibus
1099 1260 1149 1321 qni

196 1309 1149 1457 :statataallaaaa{alianastasis

196 1444 484 1580 samaim
496 1443 1022 1588 letitituiiqltntiteltiiiltt‘ti’
1036 1461 1149 1565 atat

194 1579 328 1656 praestat.
363 1577 454 1656 Quare
472 1594 548 1655 vero,
571 1595 628 1654 nisi¹
645 1593 722 1640 casu,
744 1580 803 1630 tam
822 1593 838 1630 a
856 1577 894 1654 ud
915 1577 1055 1654 contium·
1081 1593 1147 1630 uam

195 1663 225 1698 in
243 1645 511 1723 Isidoroscriptura
530 1662 560 1721 in
582 1643 747 1718 qmbusdam
770 1595 888 1720 cellulis,
912 1645 1014 1711 parum
1035 1660 1070 1696 iis
1090 1660 1147 1710 em,

196 1714 298 1788 quarti,
317 1713 409 1778 quinti
427 1713 456 1764 et
473 1726 593 1764 maxime
611 1711 684 1763 sexti
695 1709 798 1786 gradus
810 1712 943 1764 minutior
959 1709 1009 1776 sit,
1026 1726 1072 1764 me
1090 1726 1146 1765 non

195 1777 354 1846 intelligere
372 1778 471 1831 lateor.
502 1777 688 1842 Quamobrem
706 1777 735 1829 id
752 1778 798 1830 hic
815 1777 951 1832 indicasse
969 1779 1035 1831 satis
1052 1777 1146 1855 habui

196 1843 1147 1989 intrusamlalatissimarummseras

195 1983 360 2057 transversis
386 1979 528 2057 latercuhs
555 1979 643 2031 altero
669 1978 742 2030 infra
769 1979 889 2031 alterum
915 1981 1021 2045 locato,
1050 1995 1147 2032 omnes

195 2064 306 2124 primi,
324 2046 440 2123 secundi
469 2048 498 2101 et
526 2047 682 2123 ceterorum
710 2061 798 2121 usque
827 2044 863 2097 ad
891 2048 1000 2124 sertum
1029 2047 1147 2115 gradum

195 2113 698 2258 tielaantistantibus
720 2112 1146 2256 enisasatsraatat

195 2250 266 2301 tium
285 2247 413 2300 dextrum
436 2248 508 2324 latus
531 2246 832 2325 claud1t311ntns3sunt
848 2262 866 2299 a
882 2247 970 2299 latere
988 2248 1146 2300 iunctorum

195 2315 293 2457 {aa
302 2314 454 2434 astra
462 2312 925 2458 istasuntcalsaria
941 2313 1083 2445 §striae
1101 2313 1147 2366 ¹

196 2448 226 2499 et
248 2446 380 2515 deinceps
401 2449 488 2500 ceteri
510 2451 664 2524 transversi·
681 2447 786 2500 ordinis
813 2446 906 2513 capita
948 2446 1056 2510 atriius,
1104 2463 1147 2500 ro·

195 2515 313 2582 patruus
342 2515 394 2571 etc.
421 2513 603 2581 sequentibus
637 2513 761 2591 directae
790 2512 881 2566 lineas
910 2461 1093 2591 discendenti
1113 2529 1146 2568 us

195 2582 372 2714 tralata:
396 2579 1147 2724 {tristamur,similiarium

195 2715 299 2792 cellula
324 2717 463 2783 augeatur
486 2717 515 2768 et
538 2716 614 2768 ortus
641 2715 743 2783 gradus
766 2730 800 2767 ex
822 2714 912 2791 gradu
936 2731 966 2767 in
984 2714 1146 2791 ¹transverso

195 2781 293 2836 ordine
316 2784 459 2850 appareat.
495 2781 568 2834 Dum
586 2797 652 2836 vero
670 2781 722 2834 hoo
740 2781 823 2834 modo
846 2781 954 2834 directa
970 2779 1058 2847 husa,
1082 2795 1146 2848 pro·

194 2849 316 2924 prietate
339 2866 390 2902 sua
407 2848 521 2925 amissa,
544 2849 627 2916 plane
649 2848 685 2901 ad
706 2849 858 2925 transversi
880 2848 985 2902 ordinis
1006 2862 1142 2912 normam,

195 2931 274 2967 cuius
292 2915 394 2983 gradus
411 2916 517 2983 proprii
536 2917 607 2979 sunt,
625 2916 770 2984 redigitur,
790 2914 859 2968 adeo
878 2916 951 2969 utet
967 2914 1079 2983 gradus,
1098 2913 1147 2981 qui

194 2980 270 3034 intus
287 2983 359 3046 sunt,
377 2998 467 3050 usque
484 2981 640 3036 adiunctas
657 2983 692 3035 iis
710 2982 919 3036 ascendentium
932 2983 962 3037 et
978 2981 1147 3036 descenden-

194 3048 266 3101 tium
277 3063 411 3126 personas
422 3050 592 3117 pertingant
606 3050 725 3118 apparet
736 3050 828 3126 totum
840 3050 954 3126 scironia
962 3048 999 3102 ad
1007 3049 1147 3125 illustran-

195 3114 267 3193 dum·
283 3132 328 3170 ins
350 3115 377 3168 le
409 3133 422 3168 s
443 3115 555 3193 Furiae,
583 3132 617 3169 ex
639 3132 694 3182 quo
718 3118 747 3193 et
767 3117 894 3169 intestati
917 3116 982 3170 bon.
1003 3129 1147 3183 possessio,

194 3198 315 3236 maxime
327 3199 365 3236 un
387 3184 533 3250 ecognati,
546 3182 697 3251 pendebat,
710 3183 884 3260 aliarumque
896 3183 992 3251 legum
1001 3196 1142 3257 compara

130 3278 131 3283 κ
193 3252 254 3302 tum
272 3266 340 3328 esse,
375 3247 597 3328 Sed'praecipue
615 3249 694 3327 illud,
713 3250 789 3318 quod
806 3249 928 3304 Isidorus
943 3250 1073 3325 servavit,
1093 3263 1140 3302 ex·
1153 3266 1215 3316 [sss]

195 3316 321 3384 emplum
331 3334 375 3372 ius
387 3317 458 3395 legis
468 3316 556 3369 Iuliae
566 3319 757 3370 vicesimariae
770 3320 910 3385 spectasse
922 3314 1047 3378 videtur;
1065 3331 1146 3382 quor·
1165 3332 1169 3339 ·

196 3398 257 3435 snm
270 3385 345 3437 onim
356 3384 497 3452 pertineat
509 3383 559 3437 illa
571 3383 714 3438 adnotatio
731 3384 835 3452 ‘Usque
847 3383 884 3436 ad
895 3382 969 3435 hunc
978 3381 1146 3435 laterculum

216 3464 331 3526 ersonae
348 3452 486 3505 immunes
505 3452 592 3516 sunt’,
610 3451 664 3506 nisi
681 3451 718 3504 ad
734 3451 872 3504 immunes
884 3465 902 3526 a
916 3447 1050 3526 vicesima
1066 3448 1146 3502 here·

227 3515 346 3576 tatium?
369 3518 494 3583 Accedit,
511 3518 587 3586 quod
600 3517 622 3571 si
635 3519 771 3572 bonorum
785 3531 950 3587 possessioni
962 3515 1146 3585 explicandae
