2452 3840
156 185 220 252 588
318 206 423 242 nomm
439 206 545 243 vorum
562 205 661 242 aarum
678 186 751 242 XIV.
772 187 903 242 1.-xv1.
925 195 947 242 t.

156 337 356 408 manumissam,
378 344 406 391 et
420 337 448 390 in
463 335 594 392 adulterio
611 335 820 408 deprehensam,
842 342 870 391 et
884 334 982 392 iudicio
998 333 1105 409 publico
1117 342 1177 392 [49²]

156 418 324 491 damnatam,
343 427 371 475 et
391 435 459 491 quae
480 428 564 476 artem
586 418 717 474 ludicram
734 418 844 475 iecerit:
866 418 946 474 adicit
960 419 1106 476 ’Mauricia-

116 504 120 511 '
155 517 218 559 num
233 512 343 559 senatus
359 495 535 559 consuitum¹
551 519 565 557 a
579 510 675 558 senatu
689 502 847 558 damnatam.
862 519 880 558 a
893 520 942 560 *a

349 656 412 697 TIT.
427 655 491 700 xtv.
516 656 558 696 DE
573 654 674 697 Pontia
689 653 781 697 unum
796 654 913 697 tumen.

218 737 242 801 1.
265 740 380 796 Feminis
396 741 439 796 lex
453 741 517 796 lnlia
533 757 547 795 a
562 748 650 796 morte
672 742 724 796 uiri
739 742 800 796 anni
815 740 908 796 tribuit
930 741 1106 813 uacationem,

156 841 171 880 a
198 823 315 880 diuortio
343 840 389 879 sex
415 816 587 880 ’nieustrmz²
615 823 657 879 lex
684 832 773 880 autem
795 824 875 898 Papia
901 841 916 880 a
941 833 1029 882 morte
1056 826 1106 882 utri

154 905 295 980 biennii,a
310 907 423 981 repudio
439 909 502 964 anni
517 915 545 964 et
558 923 605 962 ser
622 901 771 965 mensum.²
786 925 801 964 a
815 924 865 965 *a

458 1059 519 1101 TIT·
535 1060 585 1102 XV·
610 1059 652 1099 nn
667 1058 805 1103 nantuato.

219 1143 244 1202 1.
266 1144 312 1202 Vir
332 1152 360 1200 et
380 1160 449 1201 uxor
468 1145 539 1199 inter
558 1161 588 1200 se
608 1145 769 1200 matrimonii
789 1144 898 1201 nomine
918 1143 1046 1200 decimam
1065 1162 1107 1202 ca·

155 1244 219 1303 pere
235 1235 361 1302 possunt.
405 1226 478 1301 quod
494 1228 516 1282 si
531 1243 563 1283 er
578 1226 630 1282 alio
646 1228 814 1284 matrimonio
832 1227 932 1283 liberos
947 1229 1107 1302 superstites

155 1311 284 1382 habeant,
306 1319 414 1385 praeter
429 1310 574 1384 decimam,
595 1326 674 1383 qnam
690 1312 852 1367 matrimonii
866 1312 973 1368 nornine
988 1314 1107 1386 capiunt,

154 1395 267 1452 totidem
289 1395 405 1452 decimas
427 1411 477 1468 pro
499 1411 611 1451 numero
634 1393 780 1451 liberorum
803 1396 947 1468 accipiunt.
990 1391 1018 1451 2.
1042 1396 1108 1452 ltem

155 1480 304 1536 communis
326 1477 397 1535 filins
420 1477 509 1535 filiaue
532 1488 596 1552 post
618 1480 754 1534 nominum
777 1473 869 1534 diem³
894 1481 1007 1535 amissus
1029 1482 1108 1535 amis·

155 1579 220 1619 saue
242 1579 322 1619 unam
344 1563 473 1621 decimam
496 1562 590 1625 adicit;
613 1562 666 1617 duo
688 1571 777 1617 autern
797 1571 860 1635 post
879 1567 1018 1619 nominum
1037 1562 1108 1619 diem

155 1647 246 1702 amissi
271 1647 338 1703 duas
366 1647 479 1702 decimas
508 1646 635 1701 adiciunt.
679 1642 707 1700 3.
736 1643 846 1700 Praeter
872 1644 1000 1701 decimam
1027 1647 1107 1701 etiam

155 1728 353 1785 usumfructum
374 1729 470 1784 tertiae
491 1732 574 1801 partis
595 1727 728 1783 bonorum
750 1719 834 1806 '(uir)
854 1736 882 1784 et
903 1721 992 1785 uror⁴¹
1013 1744 1108 1802 capere

155 1820 283 1886 possunt,
300 1820 328 1868 et
343 1812 507 1885 quaudoque
522 1811 621 1868 liberos
636 1810 795 1881 habuerint,
810 1811 930 1868 eiusdem
945 1817 1028 1886 partis
1044 1829 1108 1887 pro·

155 1898 313 1969 prietatem3
334 1897 387 1952 hoc
402 1895 516 1968 amplius
532 1895 642 1965 mulier,
663 1905 770 1969 praeter
785 1895 929 1968 decimam,
951 1896 1041 1953 dotem
1057 1897 1109 1952 're-

155 1973 291 2056 legatam⁵
310 1979 370 2036 sibi.

52 2122 146 2171 196οα
208 2133 271 2174 otu.
286 2133 350 2175 XVI.
384 2133 425 2174 DE
442 2130 548 2172 somna
564 2130 757 2171 cnrnctna'rn
776 2109 779 2193 Ι
795 2130 891 2172 innan
904 2129 1003 2172 vmvn
1017 2131 1058 2173 ΕΤ

562 2214 698 2257 VXOREM.

218 2298 242 2357 1.
267 2293 436 2372 ⁶hliqnando
458 2300 547 2354 niret
569 2314 636 2353 uror
655 2300 725 2353 iuter
740 2314 769 2354 se
791 2298 906 2355 solidum
928 2314 1024 2372 capere
1044 2315 1108 2372 pos·

156 2391 236 2453 sunt,
258 2383 334 2438 uelut
350 2384 372 2436 si
388 2390 502 2454 uterque
517 2380 559 2436 vel
578 2381 706 2437 alteruter
722 2397 816 2438 eorum
832 2382 950 2437 nondum
965 2383 1023 2437 eins
1038 2390 1109 2438 aeta·

156 2470 191 2523 tis
206 2469 275 2530 sint,
297 2461 332 2519 'a'
347 2481 399 2536 qna
414 2463 457 2519 lea
472 2463 572 2520 liberos
587 2466 687 2537 erigit,
707 2464 733 2521 id
749 2471 792 2520 est
805 2458 849 2520 si8
865 2465 908 2521 nir
922 2466 1010 2520 minor
1024 2481 1109 2522 anno·

156 2621 280 2680 quaestum
295 2615 420 2664 facientem
434 2615 458 2664 h.
474 2604 490 2664 i
506 2617 646 2671 omitterem·
663 2616 764 2665 scilicet
782 2615 943 2678 confundens
960 2617 1038 2679 palam
1053 2632 1110 2668 com

156 2688 232 2736 lenam
247 2689 333 2736 statim
347 2687 383 2735 ad
395 2686 463 2735 harro
477 2700 561 2735 vocem
576 2685 751 2735 oberraverat.
809 2683 828 2751 ¹)
843 2685 994 2734 mauriciauis
1009 2694 1033 2734 et
1046 2685 1109 2751 (pro

156 2757 353 2818 mauriciauhsct,
372 2763 400 2806 ut
409 2754 485 2822 poto)
504 2756 562 2805 Vat.
578 2757 733 2804 Mauricianus
754 2763 777 2804 et
790 2756 847 2804 edd.
872 2755 931 2804 Vid.
948 2755 1002 2803 Fll.
1017 2771 1045 2819 p.
1061 2767 1108 2807 eut.

157 2827 279 2876 Fortasse
293 2826 341 2875 hoc
355 2833 393 2874 eat
405 2823 463 2883 S'C„
477 2827 546 2890 quod
559 2826 683 2875 laudatur
696 2826 727 2874 L.
738 2837 773 2878 ta,
788 2827 811 2887 §-
823 2836 856 2876 10.
875 2825 907 2873 D.
922 2826 954 2874 de
969 2826 1022 2874 rito
1037 2834 1108 2889 nupt.

157 2895 201 2962 (io,
216 2895 247 2961 2).
275 2894 328 2945 Sed
341 2896 414 2944 multi
428 2895 545 2945 Maurici
554 2898 640 2959 primo
654 2898 740 2946 recolo
755 2897 782 2944 in
796 2894 937 2945 horroribus
952 2896 1037 2958 scere.

158 2963 182 3032 ²)
196 2980 290 3015 menses
310 2965 368 3015 Vot.
383 2979 491 3015 mensum
504 2967 544 3014 ed.
558 2965 606 3030 Bp.
658 2963 745 3031 ⁹)Qui
759 2967 919 3029 erotpoeris
932 2969 1109 3030 corruperat·
1173 2975 1175 2979 '

156 3039 190 3087 lis
204 3043 317 3086 octavus.
344 3035 409 3086 Fert.
423 3051 462 3098 ep.
478 3053 500 3085 o.
513 3033 652 3085 ‘Lustrici'
668 3052 696 3100 p.
706 3048 753 3088 120.
774 3035 891 3086 Maerob.
906 3035 962 3086 Sat.
977 3051 997 3098 1,
1012 3049 1045 3088 rc.
1070 3036 1108 3099 Cf.

157 3098 232 3157 etiam
251 3109 299 3171 lep⁴
320 3106 392 3156 Fiao.
413 3106 509 3156 Malao.
524 3118 557 3158 co.
631 3103 652 3172 ⁴)
667 3108 717 3155 eius
737 3107 795 3156 Vat.
811 3114 898 3156 natum
915 3122 950 3156 erc
969 3114 1022 3155 etue
1038 3127 1070 3148 =
1086 3112 1109 3153 ct

157 3193 227 3238 nror;
247 3178 285 3227 uir
298 3192 333 3226 ex
344 3179 473 3242 perairorio
487 3185 502 3225 u
517 3176 635 3226 vocabuli
653 3177 745 3226 bonorn
761 3179 831 3241 feei,-
849 3178 884 3241 es.
899 3184 950 3226 rtot.
965 3189 977 3227 u
992 3177 1027 3225 ad
1040 3188 1061 3233 o,
1075 3187 1109 3226 lc.

157 3249 270 3310 coniuges
284 3249 323 3297 ed.
338 3247 386 3313 Bp.
407 3248 445 3311 Os.
462 3247 516 3297 ml.
527 3263 555 3310 p.
566 3259 613 3298 ata.
665 3244 686 3311 ὅ)
700 3254 780 3311 potest
794 3247 905 3311 (saetam
918 3262 955 3296 se.
969 3261 1004 3295 ex
1017 3260 1046 3309 pe
1057 3261 1109 3309 pro

157 3318 194 3384 re)
209 3319 309 3380 legatam
329 3318 389 3368 Vat.
403 3316 518 3384 (capere)
532 3324 611 3380 potest
625 3318 724 3380 legatam
739 3319 778 3366 ed.
793 3316 841 3381 Bp.
863 3316 901 3380 Cf.
917 3315 971 3366 FlI.
982 3330 1011 3378 p⁴
1026 3326 1073 3366 tte.

159 3384 180 3452 6)
197 3388 234 3451 Of.
254 3388 358 3437 Tertuli.
374 3391 442 3453 apol.
457 3400 477 3438 4.
493 3389 524 3437 de
538 3403 636 3453 monop.
653 3400 685 3439 16.
700 3387 797 3438 Sozam.
813 3388 871 3436 hiet.
887 3389 949 3435 ecel.
965 3398 985 3442 1,
996 3398 1015 3436 9.
1037 3385 1065 3435 F.
1076 3385 1109 3435 Α,

157 3456 286 3524 Schilh'np
300 3458 416 3508 Beruerir.
428 3475 455 3522 p.
471 3471 517 3511 too.
592 3455 612 3524 7)
627 3467 667 3507 aut
685 3459 743 3507 Vot.
758 3473 795 3508 rc.
810 3458 875 3505 mole
889 3457 1021 3519 explicata
1035 3471 1056 3505 a.

159 3524 180 3592 8)
195 3535 235 3578 out
249 3531 342 3578 inserit
354 3528 412 3594 Bp,
427 3531 495 3593 quod
508 3545 559 3580 aon
573 3536 611 3578 eet
625 3529 701 3578 huius
715 3529 773 3578 loci.
