2452 3840
323 192 430 228 nemun
447 192 555 230 oneum
572 192 669 228 nenses.
689 175 747 228 XX.
768 179 880 228 10-16.
1010 173 1073 239 595

187 318 234 379 10.
259 313 358 378 ¹utuus
374 321 489 377 familiae
504 329 693 378 testamentum
708 321 795 386 faeere
810 338 865 377 non
880 328 985 394 potest,
1007 337 1074 394 quo·

125 407 195 462 niam
215 405 282 461 nihil
304 421 381 460 suum
403 405 499 472 hebet,
522 413 554 461 ut
574 405 667 462 testari
688 405 721 461 de
740 421 772 462 eo
794 407 890 478 possit.
933 404 980 460 sed
996 404 1074 459 diuus

124 491 265 563 Augustus
288 482 438 545 ’mouous2
460 490 615 559 constituit,
638 497 669 544 ut
688 487 758 544 iilius
773 488 886 544 familiae
902 488 976 544 miles
992 487 1027 545 de
1042 504 1074 544 eo

124 572 243 647 peculio,
260 572 332 646 qood
347 573 375 628 in
390 574 484 628 cestris
500 573 655 647 adquisiuit‚
671 579 861 628 testamentum
877 571 964 628 faeere
979 572 1075 645 possit.

123 653 165 713 11.
182 650 246 723 ³Qui
257 656 290 711 de
301 663 375 712 statu
387 671 437 712 suo
450 657 568 712 incertus
578 663 620 711 est
632 653 693 726 i’ieo
709 646 767 724 εο,4
784 655 856 726 quod
873 663 949 728 patre
961 670 1074 729 peregre

125 747 234 796 mortuo
256 741 380 813 ignorat,
403 753 432 794 se
454 741 495 793 sui
518 740 582 793 iuris
605 731 679 816 esse)
701 746 890 795 testamentum
910 739 998 794 iacere
1020 753 1075 793 non

124 830 227 898 potest.
271 818 316 880 12.
340 816 485 894 bImpubes,
501 821 564 877 lieet
578 824 619 877 sui
635 823 699 877 iuris
714 821 765 884 sit,
782 820 869 877 iecere
884 828 1075 878 testamentum

125 922 180 962 non
195 913 303 979 potest,
326 902 452 979 quoniam
474 904 593 960 noudum
611 904 720 979 plenum
739 903 867 961 iudicium
888 906 967 960 animi
986 904 1075 961 hehet.

126 986 173 1046 13.
195 982 318 1054 6Μιιιιιε,
342 989 456 1059 surdus,
479 988 612 1059 furiosus,
636 991 754 1062 itemque
776 988 923 1062 prodigus,
949 991 993 1046 eui
1013 987 1076 1062 lege

125 1073 206 1130 bonis
220 1073 391 1130 interdictum
407 1082 464 1142 est,
485 1080 674 1128 testamentum
689 1072 777 1128 iecere
792 1088 847 1128 non
867 1082 996 1145 possunt:
1018 1087 1076 1127 mu·

46 1164 51 1172 '
127 1166 186 1228 tus,
208 1158 333 1229 quonium
350 1156 432 1212 uerba
447 1156 655 1229 nuncupationis
669 1155 744 1229 loqui
760 1172 815 1212 non
836 1164 942 1230 potest3
965 1155 1075 1226 surdus,

126 1241 252 1313 quonium
275 1239 358 1295 uerba
380 1239 493 1296 familiae
516 1240 644 1313 emptoris
666 1239 791 1295 exaudire
808 1232 811 1316 i
828 1255 883 1295 non
903 1248 1010 1314 potest;
1035 1229 1182 1298 iu-197bi3

126 1326 232 1395 sinsus,
248 1324 373 1395 quoniam
388 1331 505 1378 mentem
520 1340 575 1378 non
590 1322 686 1393 habet,
707 1331 738 1378 ut
754 1325 845 1379 testari
862 1323 895 1379 de
910 1340 940 1379 ou
955 1316 998 1379 re⁷
1014 1340 1076 1397 pos·

126 1409 177 1476 sit3
201 1406 342 1479 prodigus,
363 1408 488 1478 quoniam
504 1409 664 1462 commercio
679 1407 717 1462 illi
733 1405 904 1462 interdictum
920 1415 977 1476 est,
999 1415 1027 1462 et
1042 1406 1076 1462 ob

127 1490 154 1546 id
176 1489 302 1545 familiam
325 1490 474 1562 mancipare
496 1504 551 1544 non
573 1496 673 1562 potest.
722 1486 768 1545 14.
791 1482 919 1544 8Latinus
942 1489 1076 1561 lupianus,

128 1576 191 1630 item
207 1575 240 1644 is,
256 1574 302 1645 qui
318 1572 504 1628 dediticiorum
520 1588 632 1628 numero
648 1580 699 1643 est,
716 1580 904 1628 testamentum
920 1573 1007 1631 iecere
1023 1591 1077 1629 uon

56 1664 233 1730 [soonotestz
278 1650 347 1733 [15]
378 1655 488 1713 Latinus
521 1657 643 1729 quidem,
677 1657 802 1728 quoniam
834 1657 990 1713 nominatim
1016 1658 1078 1730 lege

126 1741 199 1798 lunia
216 1739 367 1813 prohibitus
383 1747 439 1813 est3
463 1741 485 1795 is
501 1750 604 1808 autem,
627 1742 672 1812 qni
693 1740 881 1797 dediticiorum
896 1757 1008 1797 numero
1025 1748 1077 1811 est,

128 1824 254 1896 quonium
270 1838 321 1879 nec
331 1824 409 1895 quasi
424 1824 490 1878 ciuis
502 1823 637 1879 Romanus
652 1825 745 1878 testari
760 1831 868 1898 potest,
888 1839 947 1881 oum
967 1825 1003 1881 sit
1017 1841 1078 1898 per·

128 1908 254 1981 egriuus,
277 1921 328 1963 neo
350 1906 426 1978 quasi
447 1906 621 1978 peregrinus,
644 1907 884 1979 quoniamnuliius
905 1916 998 1964 certae
1014 1909 1078 1963 oini-

128 2117 262 2168 oerdorum
276 2118 423 2166 enunciatio
438 2115 551 2179 probari
564 2123 662 2180 potest,
681 2132 727 2166 nee
742 2119 812 2167 uitiis
825 2116 993 2167 librariorum
1007 2120 1078 2182 quie*

128 2203 202 2252 quam
221 2183 390 2236 tribuendum.
418 2186 694 2251 rnnnn1u0uned.Bp.
748 2184 768 2252 1)
789 2187 826 2250 Cf.
837 2202 881 2250 pr.
897 2188 918 2236 I.
935 2188 1001 2253 quid.
1016 2205 1041 2237 n.
1056 2204 1076 2238 e.
1156 2223 1164 2235 .

124 2273 206 2322 pern.
219 2258 273 2320 sao.
289 2263 344 2309 test.
359 2255 391 2322 (t,
401 2257 445 2318 ιε).
496 2253 517 2321 ²)
532 2270 625 2306 marcus
644 2257 702 2309 Vat.
715 2254 831 2324 [Marcus]
846 2259 885 2309 ed.
896 2257 943 2323 Bp.
961 2255 1078 2309 ‘moribus

129 2324 261 2378 eonstituit’
283 2328 349 2377 idem
367 2333 417 2385 est,
437 2328 507 2391 qood¹
522 2327 554 2375 ab
574 2329 629 2390 ipso
653 2327 708 2391 Ulp.
728 2328 759 2381 L.
775 2340 795 2379 2.
815 2330 838 2390 ἕ.
853 2339 873 2378 2.
897 2329 929 2378 D.
947 2330 1009 2392 sam.
1025 2346 1078 2382 ere.

128 2398 173 2465 (10,
188 2398 211 2463 2)
226 2398 324 2447 dieitur
340 2394 398 2461 ‘per
412 2394 616 2447 constitutiones'
632 2406 657 2446 et
671 2400 697 2447 in
707 2414 751 2462 pr.
766 2399 788 2447 Ι.
804 2400 846 2448 cit.
863 2395 909 2448 ‘em
923 2403 1079 2451 auctoritate

129 2469 160 2518 D.
176 2465 299 2533 Aupusti’
315 2468 363 2518 hoe
378 2470 419 2517 ius
433 2468 600 2517 militantibus
610 2469 735 2531 filiusfam.
751 2470 837 2518 datum
851 2485 914 2527 esse,
926 2472 971 2535 qui
979 2473 1080 2521 seilicet

126 2554 177 2602 pro
191 2554 287 2588 morum
301 2541 432 2602 legumque
445 2539 569 2602 repimine
587 2553 633 2587 suo
649 2540 845 2590 commendando
863 2541 912 2590 doe
930 2543 971 2589 ius
985 2548 1021 2602 et,
1040 2556 1079 2589 se-

129 2607 262 2672 quentibus
276 2608 324 2657 itae
338 2609 479 2671 exemplum
493 2609 587 2657 ceteris
600 2609 809 2671 imperatoribus,
824 2612 899 2659 etiam
913 2611 1018 2659 assidue
1028 2625 1080 2673 per

129 2681 221 2728 multas
234 2679 361 2741 speciales
376 2679 569 2728 constitutiones
583 2679 669 2727 dando
684 2694 716 2728 aa
730 2679 823 2728 tuendo
843 2680 941 2742 effecit,
961 2687 988 2728 ut
1002 2682 1080 2743 loppa

130 2749 312 2799 consuetudine
329 2750 484 2798 inveteraret
494 2748 539 2813 (of.
549 2764 630 2812 supra
641 2750 696 2797 init.
706 2746 747 2814 4.)‚
762 2751 832 2798 etita
843 2748 955 2799 moribus
966 2750 1078 2800 induxit.

130 2815 151 2885 ³)
168 2819 206 2882 Cf.
221 2819 254 2872 L.
269 2832 303 2870 14.
318 2829 352 2871 15.
375 2819 408 2868 Ι).
423 2821 468 2882 qui
481 2826 576 2868 testam.
595 2820 650 2882 fao.
665 2821 714 2881 (28,
729 2818 759 2884 1).
784 2819 815 2871 L.
831 2832 850 2871 t.
866 2821 888 2880 ξ.
904 2832 924 2871 8.
946 2821 977 2869 D.
993 2821 1025 2870 de
1040 2823 1079 2869 in·

129 2891 195 2938 iusto
210 2887 255 2954 (ue,
269 2887 301 2954 t).
325 2889 356 2938 L.
372 2901 392 2940 o.
412 2888 445 2938 D.
464 2889 496 2939 de
510 2891 568 2938 iure
582 2890 638 2938 cod.
658 2888 707 2953 (eo,
726 2888 757 2954 t).
831 2888 852 2955 ⁴)
868 2891 906 2953 Cf.
922 2890 976 2940 ml.
988 2907 1016 2955 p.
1031 2903 1079 2942 373.

130 2957 184 3023 (ubi
193 2973 244 3022 pro
260 2954 321 3007 ‘tus'
338 2961 393 3023 depe
408 2955 476 3024 ‘to').
496 2960 557 3008 [uoto
573 2959 631 3008 Vat.
647 2960 724 3009 iactus
738 2960 777 3009 ed.
789 2958 846 3024 Bp..
860 2975 931 3025 quem
945 2963 1080 3024 disputan-

129 3036 190 3086 tem,
204 3029 272 3077 uano
287 3044 362 3077 unam
375 3029 500 3078 eiusmodi
518 3030 710 3078 incertitudinis
728 3032 837 3093 speciem
852 3045 918 3090 esse,
938 3039 963 3081 et
975 3034 1081 3096 repulae

131 3100 289 3149 Catonianae
303 3099 389 3148 neseio
404 3114 478 3161 quam
491 3100 683 3149 similitudinem
696 3100 746 3150 duo
766 3101 906 3150 tradentem
924 3117 962 3151 me
975 3117 1026 3152 non
1041 3103 1081 3150 in·

130 3171 245 3235 tellipere
256 3169 352 3232 fateor.
378 3167 440 3217 Atta
454 3171 570 3232 exempla
581 3171 736 3234 facilefinpi
746 3178 862 3233 possunt,
878 3174 945 3221 velut
958 3173 1022 3228 eius,
1037 3171 1083 3234 qui

129 3248 229 3291 mortuo
244 3254 292 3289 auo
303 3245 405 3301 patrem
418 3253 491 3288 suum
505 3241 690 3303 entuncipatum
704 3243 821 3305 iquorat,
835 3248 859 3290 et
873 3242 941 3304 quod
953 3247 1040 3289 exstat
1053 3243 1082 3290 in

130 3311 161 3360 L.
177 3323 211 3363 14.
227 3312 270 3360 eit.
293 3308 346 3359 Sed
359 3315 384 3358 et
397 3324 449 3358 uox
462 3309 537 3358 sactus
553 3310 576 3358 Ιι.
592 3312 608 3362 t.
623 3310 757 3360 admodum
772 3313 883 3375 lanpuet.
935 3308 955 3375 ⁶)
972 3311 1010 3373 Cf.
1024 3310 1081 3360 Gai.

109 3392 151 3438 u,
167 3393 212 3432 ne.
234 3381 309 3430 Paul.
324 3391 345 3432 3.
360 3381 394 3430 4⁸.
411 3381 435 3440 ς.
447 3392 467 3430 1.
518 3376 539 3445 6)
555 3379 593 3443 Cf.
604 3381 644 3441 ἓξ.
655 3393 675 3430 n.
686 3393 705 3432 o.
722 3380 822 3446 Lqut'd.
834 3397 858 3432 u.
870 3396 890 3430 e.
902 3396 983 3444 perm.
995 3379 1026 3446 (2,
1037 3381 1081 3447 12).

132 3450 206 3569 gani.
221 3453 290 3513 Μ’.
305 3451 433 3515 §§.oseq.
486 3445 734 3515 potentantur.
756 3451 794 3515 Cf.
807 3450 860 3502 ml.
871 3463 955 3515 pets.
1006 3449 1026 3518 8)
1043 3452 1081 3516 Cf.

155 3521 189 3569 αἱ.
205 3532 225 3578 l,
239 3531 272 3572 83.
287 3531 320 3571 25·
335 3532 356 3580 d,
371 3532 405 3573 dd.

819 3605 876 3662 iis*
