2452 3840
223 1026 248 1087 1.
272 1025 421 1103 (Perfecto
442 1029 493 1084 166
515 1034 573 1098 666,
601 1042 676 1100 quae
704 1033 784 1084 uetat
806 1029 915 1100 aliquid
934 1030 1016 1103 fieri,
1040 1035 1067 1085 et
1088 1033 1178 1088 66616]

158 1113 272 1187 fuctum
294 1115 341 1184 sit,
357 1112 507 1182 rescindit,
525 1112 619 1182 qualis
634 1113 741 1168 666166
757 1150 849 1170 .....
866 1111 1046 1183 Inperfecta
1062 1114 1112 1170 166

161 1205 213 1270 est,
229 1213 304 1272 quae
319 1201 398 1253 netut
413 1195 522 1268 aliquid
534 1197 610 1266 lieri,
626 1202 654 1250 et
668 1198 694 1251 si
703 1193 818 1267 foetum
833 1199 879 1266 sit,
894 1211 949 1252 nec
964 1199 1110 1269 rescindit,

160 1297 215 1338 nec
229 1297 356 1353 poenam
370 1282 490 1352 iniunyit
505 1281 544 1348 ei,
568 1281 618 1351 qui
632 1285 735 1336 contro
749 1280 838 1352 leyem
850 1278 938 1352 fecit,
960 1282 1054 1352 quotis
1070 1288 1112 1336 est

57 1368 212 1422 16166166
237 1365 352 1434 Cincio,
378 1377 453 1435 quoe
476 1364 542 1433 pius
565 1380 650 1435 quom
672 1363 727 1419 duo
749 1365 826 1419 milia
850 1366 958 1419 ossium
979 1358 1111 1437 donari)l

63 1449 85 1476 v.
90 1438 302 1546 5²³·proltibem
324 1446 452 1519 ’exceptis
468 1440 643 1519 (personis)²
665 1445 822 1519 quibusdam
844 1439 963 1521 (uelut)²
979 1448 1111 1522 cognatis,

107 1507 190 1588 ei
205 1548 228 1587 sa
242 1532 303 1605 plus
319 1530 446 1586 donatum
461 1532 505 1601 sit
528 1545 583 1586 oon
604 1530 743 1586 rescindit.
788 1528 817 1587 2.
841 1529 929 1586 Minus
952 1547 1030 1602 quam
1053 1547 1112 1604 per-

162 1615 232 1672 fecta
247 1616 290 1671 lex
305 1623 363 1686 est,
386 1630 453 1688 quae
469 1621 543 1670 uetat
558 1613 657 1687 aliquid
673 1613 747 1684 ieri,
769 1622 796 1670 et
817 1616 840 1668 si
860 1614 961 1670 iactum
983 1616 1034 1685 sit,
1056 1631 1111 1670 non

163 1699 301 1771 rescindit,
317 1699 363 1754 sed
379 1714 491 1770 poenam
506 1697 624 1770 iniungis
640 1700 673 1768 ei,
690 1698 735 1770 qui
747 1706 840 1752 contra
852 1696 939 1771 legem
952 1698 1029 1762 iecit;
1046 1715 1111 1770 qua·

161 1783 194 1839 lis
217 1792 259 1839 est
278 1783 321 1838 lex
337 1781 416 1837 Furia
438 1782 651 1850 testamentaria,
675 1796 743 1852 quae
764 1780 824 1852 plus
848 1797 927 1852 quam
948 1781 1010 1837 mile
1026 1780 1112 1838 ’asses
1141 1826 1143 1829 .

161 1866 245 1940 legati
256 1857 382 1921 nomiae³
395 1866 525 1920 mortisue
536 1880 614 1920 causa
625 1864 752 1936 prohibet
762 1880 857 1936 capere
871 1874 976 1938 praeter
987 1874 1111 1938 exceptas

161 1965 301 2024 personas,
317 1958 344 2004 et
359 1948 487 2004 aduersus
503 1964 574 2020 eum,
591 1948 636 2021 qui
648 1948 709 2021 plus
721 1950 833 2021 ceperit,
845 1949 987 2023 quadrupli
997 1965 1111 2023 poenam

162 2034 312 2090 constituit.
1128 2031 1129 2034 ’

160 2150 370 2160 uun—o—

235 2197 255 2267 ¹)
264 2199 310 2251 Sic
317 2202 375 2264 fere
381 2199 566 2263 praceuntibus
578 2197 877 2264 066666666861661166966
888 2214 1002 2249 mancam
1011 2207 1111 2249 senten·

161 2273 222 2322 tiana
236 2273 419 2322 restituendam
433 2272 529 2321 censui.
557 2270 639 2319 Dere
654 2270 688 2332 cs.
703 2270 734 2318 L.
750 2281 816 2333 666.
837 2269 862 2320 G.
878 2269 997 2334 6616966.
1016 2269 1110 2336 (1,1e).

162 2342 279 2392 Μ66666.
293 2341 378 2392 Somn.
392 2340 463 2404 Scip.
478 2352 499 2398 2,
514 2352 547 2391 tt.
575 2341 614 2390 De
628 2343 683 2405 6696
698 2341 788 2390 Cincin
803 2340 904 2405 666966.
925 2341 983 2392 Vat.
994 2353 1032 2392 666
1042 2356 1109 2405 seqq.

161 2411 286 2461 Summam
300 2415 355 2461 eius
369 2414 433 2476 ieyis
446 2412 496 2460 6666
510 2422 530 2462 6.
546 2411 584 2459 ed.
600 2412 700 2466 addidi,
716 2413 855 2461 coniectum
869 2426 904 2459 ex
917 2410 1002 2460 Sciat.
1013 2411 1110 2474 quen,

162 2484 206 2546 qui
220 2483 256 2531 ad
268 2493 288 2540 t,
298 2494 337 2533 646
346 2497 397 2545 seq.
412 2488 504 2530 auctor
517 2488 562 2542 est,
577 2497 623 2530 nec
637 2481 805 2531 histrionibus
820 2483 846 2530 in
860 2481 961 2530 theatro
970 2481 1112 2531 uictoribus

163 2554 272 2615 amptius
286 2554 397 2616 quinque
411 2565 512 2609 aureos,
527 2553 571 2615 qui
585 2553 1045 2616 661666666696666666666666666666
1059 2552 1111 2601 duo

161 2624 233 2672 666116
247 2624 350 2682 assium,
361 2623 425 2671 dore
435 2623 545 2671 licuisse.
573 2621 686 2671 Ceterum
700 2621 824 2685 Ulpianus
834 2638 889 2672 cum
900 2623 941 2671 ius
951 2623 1025 2671 666616
1035 2624 1110 2671 etiam

161 2695 189 2742 in
203 2693 251 2743 1666
266 2693 332 2743 16666
343 2691 392 2757 (es.
406 2692 439 2741 L.
454 2704 474 2744 6.
489 2694 512 2754 ἕ.
528 2704 548 2743 1.
572 2693 604 2741 Ii.
619 2694 651 2742 de
665 2695 745 2742 666666.
761 2706 781 2751 1,
797 2692 819 2758 1)
839 2695 866 2742 in
884 2695 1007 2755 scriptum
1021 2700 1046 2741 et
1060 2708 1110 2742 non

161 2765 285 2827 scriptum
299 2765 436 2822 divisisset,
447 2765 559 2826 primum
573 2764 675 2812 uidetur
688 2765 781 2825 scripti
795 2765 862 2812 iuris
877 2771 968 2826 portes
982 2779 998 2811 a
1013 2763 1111 2826 1696666

162 2835 302 2883 exordiens
316 2849 476 2883 enumerasse
491 2833 583 2899 (εδδ.
594 2844 662 2884 6-6.
682 2833 703 2881 Ι.
719 2834 750 2881 de
765 2835 822 2882 iure
831 2840 883 2881 not.
895 2844 915 2894 1,
926 2832 962 2896 6),
977 2833 1069 2881 deinde
1079 2833 1112 2881 de

162 2910 257 2952 natura
272 2905 353 2968 169666
367 2897 463 2967 coisse,
483 2905 518 2952 od
531 2919 602 2967 quem
616 2904 697 2952 iocum
712 2903 774 2952 6666
788 2904 933 2965 pertinent,
955 2917 1019 2966 quae
1038 2903 1112 2952 nobis

161 2981 265 3022 servato
278 2981 345 3022 sunt.
375 2974 557 3023 Potesttamen
571 2975 654 3034 etiam,
669 2980 696 3021 ut
710 2973 753 3022 1666
766 2975 932 3022 locusstatim
941 2974 1006 3037 ieyis
1015 2973 1111 3036 piebis·

162 3059 209 3108 quc
223 3045 284 3093 sciti
297 3045 468 3106 definitionem
481 3050 584 3092 secutus
596 3045 630 3092 sit
635 3060 644 3099 ;
663 3044 731 3106 quod
744 3044 768 3093 si
781 3045 885 3101 statuis,
901 3045 927 3092 in
943 3046 1036 3093 16666666
1051 3051 1112 3107 post

162 3116 184 3176 ξ.
199 3125 219 3165 6.
248 3112 372 3176 Ulpianus
390 3112 463 3170 scit,
485 3115 675 3163 constitutionis
689 3116 851 3177 principum,
872 3115 1013 3164 edictorum
1032 3115 1111 3177 66696·

161 3191 287 3234 stratuum
301 3192 325 3234 et
344 3198 524 3247 responsorum
538 3185 704 3247 prudentium
722 3184 885 3234 brevissimas
903 3185 1063 3247 definitiones
1078 3198 1112 3231 66

165 3254 221 3308 Gai.
233 3268 252 3315 1,
263 3267 332 3306 4-6.
348 3256 466 3303 retulisse
481 3262 506 3304 66
520 3257 556 3304 666
571 3257 627 3303 6666
641 3258 740 3318 scripto
755 3254 871 3305 absoluto
886 3256 921 3304 ad
935 3257 975 3302 ius
985 3269 1035 3303 non
1045 3255 1111 3302 scri·

158 3333 239 3388 ptum,
255 3327 323 3390 quod
335 3341 370 3375 cac
384 3325 495 3374 moribus
510 3327 603 3383 ueniat,
617 3327 753 3374 transitum
765 3327 860 3389 fecisse
874 3325 999 3374 dicendus
1013 3325 1070 3372 crit.

164 3391 184 3459 ²)
201 3397 353 3446 Necessario
367 3397 496 3459 supplevi,
516 3411 572 3445 curn
586 3411 636 3445 non
651 3403 747 3445 tontum
766 3397 868 3460 quidam
887 3395 991 3458 coenati
1010 3396 1113 3457 succepti

159 3465 269 3528 fuerint.
299 3467 337 3531 Cf.
358 3467 401 3516 Fr.
425 3466 483 3515 Vat.
502 3476 624 3518 666-666.
648 3466 794 3516 Eacaraturn
812 3467 871 3515 oiim
887 3465 985 3527 suerit:
1008 3466 1112 3528 exceptis

162 3537 213 3600 {mis
227 3538 337 3601 quihusd.
352 3545 391 3589 66.
439 3533 458 3602 ³)
473 3537 563 3586 assium
577 3537 654 3599 legato
669 3538 727 3586 Vat.
739 3535 850 3601 (factura
865 3535 932 3583 iilud
940 3541 1006 3597 puta
1020 3550 1055 3584 en
1064 3550 1113 3595 as.;

162 3623 221 3657 nam
235 3615 260 3656 et
273 3609 340 3657 61666
354 3622 388 3657 ex
401 3608 453 3670 lege
466 3622 491 3656 as
503 3629 536 3649 =
547 3608 596 3670 lege
608 3607 667 3657 aelia
677 3608 752 3656 sentia
763 3605 888 3655 librarius
899 3605 964 3669 feeit
974 3605 1024 3668 lege
1034 3607 1113 3662 ascia:
