2452 3840
158 156 222 222 590
307 172 415 209 noman
432 172 539 209 rurum
557 171 653 209 runnu.
676 154 749 210 xvi.
764 154 911 210 e-Xvii
926 162 950 208 2.

220 299 249 362 3.
270 302 321 371 Qui
335 304 405 359 iutra
420 303 615 376 sexagesimum
631 302 675 358 uel
690 319 759 375 quae
773 304 841 358 iutra
857 305 1110 377 quinquagesimum
1126 317 1181 367 [4941

158 403 257 443 aunum
282 388 370 442 neutri
396 384 454 460 legi
476 387 608 459 paruerit.
635 384 701 442 iicet
725 387 791 460 ipsis
821 385 927 460 legibus
954 395 1017 460 post
1043 387 1111 444 hunc

56 475 271 544 lusatiaetatem
299 468 427 526 liberatus
450 477 536 541 esset,
566 471 704 543 perpetuis
727 479 816 526 tamen
841 471 936 543 poeuis
958 462 1108 546 ’teneltur¹

158 570 191 610 ex
206 562 315 609 senatus
331 553 456 610 consulto
477 546 668 610 ’Persiciano.²
703 551 733 612 4.
758 546 823 610 ³Sed
839 553 983 610 Claudiano
1000 562 1109 610 senatus

158 637 283 695 consulto
308 639 393 693 maior
413 639 586 711 sexagenario
609 638 632 692 si
655 639 785 694 minorem
812 639 1038 712 quinquagenaria
1061 637 1109 694 du·

158 723 243 792 ierit,
266 719 377 794 perinde
395 720 501 778 ’haberi
520 717 659 793 iubetur,¹
680 737 711 778 ao
725 723 749 778 si
764 723 851 778 minor
872 723 1012 794 sexaginta
1026 737 1110 779 anno·

157 821 218 862 rum
233 805 355 861 duxisset
376 820 496 862 uxorem.
533 803 605 877 quod
620 806 644 860 si
659 807 744 861 maior
764 807 990 880 quinquagenaria
1011 807 1109 861 minori

157 889 330 961 sexagenario
352 889 487 961 nupserit,
503 881 582 962 ¹(id)⁵
604 889 680 961 inpar
702 890 899 946 matrimonium
920 888 1069 964 appellatur
1083 895 1110 945 et

158 980 268 1028 senatus
287 971 412 1029 consulto
426 963 591 1027 Caluisiauo¹
610 970 718 1027 iubetur
738 987 792 1027 nou
807 971 940 1046 proficere
955 973 988 1028 ad
1003 975 1110 1046 capien-

158 1055 205 1112 das
220 1055 382 1111 hereditates
403 1063 430 1110 et
449 1055 536 1127 legato
556 1048 645 1130 ¹(aut)
661 1049 776 1111 dotem.⁷
811 1057 903 1129 itaque
923 1065 1030 1112 mortua
1052 1072 1110 1112 mu·

158 1138 223 1195 liere
238 1137 289 1194 dos
304 1139 402 1196 caduca
417 1133 493 1194 erit.⁸
507 1155 525 1195 e
538 1153 587 1194 e*

442 1308 505 1349 't'l‘it
522 1309 598 1351 xv11.
623 1310 664 1350 DE
681 1308 822 1352 onovom.

220 1411 243 1470 1.
267 1406 362 1480 ⁹Quod
379 1411 438 1485 quis
454 1410 504 1467 sibi
522 1418 684 1468 testamento
705 1411 843 1482 relietum,
862 1413 900 1468 ita
914 1419 945 1468 ut
958 1413 1018 1470 iure
1037 1412 1109 1469 ciuili

157 1512 253 1572 capere
268 1497 371 1570 possit,
392 1495 480 1567 aliqua
495 1510 526 1550 eu
542 1511 620 1551 causa
641 1512 696 1552 non
711 1497 828 1569 ceperit,
849 1496 977 1553 caducum
993 1496 1109 1569 appella·

158 1589 218 1650 tur‚·
247 1572 381 1637 ’ueluti¹⁰
408 1578 537 1635 ceciderit
564 1578 665 1635 abeo:
688 1579 764 1634 uerbi
786 1580 915 1650 gratiosi
938 1579 1036 1635 caelibi
1065 1579 1108 1634 uel

157 1663 250 1720 butino
267 1664 375 1719 luniauo
391 1661 509 1733 legatum
525 1662 617 1732 fuerit,
638 1678 687 1718 neo
703 1663 772 1717 intra
789 1660 846 1716 dies
862 1669 969 1717 eentum
984 1662 1028 1718 uel
1044 1679 1108 1719 cae·

157 1746 214 1804 lebs
230 1747 285 1819 legi
307 1745 445 1818 paruerit,
466 1743 510 1799 uei
525 1743 634 1800 Latinus
655 1747 696 1800 ius
713 1743 854 1811 Quiritium
875 1754 1037 1802 consecutus
1057 1747 1108 1815 sit3

158 1831 238 1886 autsi
253 1835 374 1901 exparte
395 1827 474 1882 heres
491 1829 608 1900 scriptus
629 1828 673 1883 uel
694 1828 840 1902 legatarius
860 1837 921 1884 ante
943 1837 1049 1903 apertas
1069 1839 1108 1885 ta·

157 1912 233 1970 bulas
249 1911 395 1969 decesserit
410 1909 454 1966 uei
468 1905 664 1984 ’peregrinus¹¹
680 1911 767 1969 iactus
784 1914 829 1970 sit.
840 1905 943 1970 *rest
977 1911 1007 1971 2.
1024 1913 1109 1970 Hodie

157 2038 368 2048 ———·

157 2102 277 2151 haeserat
291 2101 348 2148 uoci
362 2095 462 2162 fumosa)
481 2098 539 2147 Vol.
555 2099 612 2147 edd.
639 2097 692 2147 Sed
705 2098 755 2149 oid.
771 2100 808 2146 tit.
824 2109 857 2148 13.
873 2104 898 2146 et
912 2096 966 2145 FlI.
977 2113 1005 2160 p.
1020 2108 1067 2148 375.

161 2169 181 2236 ¹)
195 2170 314 2220 tenebitur
333 2169 390 2217 Vat.
402 2169 459 2218 eddi
508 2165 528 2233 ¹)
542 2167 695 2216 Emendabit
706 2168 868 2226 Perizonius,
883 2174 911 2216 ut
923 2169 958 2216 sii
971 2183 987 2216 a
1000 2168 1107 2219 Persico

158 2255 208 2292 cos.
225 2256 248 2289 a.
264 2251 297 2290 on.
317 2239 454 2301 perniciuuo
479 2238 537 2287 Vat.
557 2239 613 2287 edd.
644 2238 758 2287 Ceteram
776 2239 810 2300 cf.
830 2237 861 2286 L.
881 2249 915 2288 ut.
941 2238 966 2287 0.
986 2239 1018 2287 de
1036 2247 1106 2302 nupt.

158 2308 188 2376 (u,
197 2309 230 2374 4).
278 2305 298 2372 ¹³)
317 2308 401 2356 Nonae
415 2310 442 2368 §i
455 2309 564 2371 sianum,
579 2308 647 2371 qaod
656 2309 768 2357 editores
777 2315 923 2370 posuerant
932 2316 993 2370 post
1002 2308 1108 2357 duxisset

158 2393 265 2435 uxorem,
281 2392 332 2426 non
346 2378 576 2425 animadvertentes
589 2379 701 2433 scilicet,
722 2383 781 2426 ante
795 2378 880 2425 omnia
894 2385 965 2425 vetus
979 2385 1003 2426 et
1017 2392 1108 2427 nouum

157 2451 199 2498 ius
212 2446 244 2497 ab
258 2447 367 2508 Ulpiano
382 2446 505 2504 discerni,
520 2447 569 2495 duc
583 2448 712 2495 transtuli.
732 2446 771 2495 De
780 2461 810 2495 re
819 2447 854 2509 os.
862 2446 965 2496 Sueten.
976 2448 1064 2497 Claud.
1073 2459 1107 2500 tt.

158 2516 179 2585 ⁴)
194 2518 320 2568 habebitur
338 2516 395 2566 Vat.
411 2517 468 2565 edd.
533 2513 554 2582 ¹)
572 2516 727 2567 derninando
741 2517 851 2566 restitui.
879 2517 961 2566 Dece
977 2518 1107 2581 cfiL.1t.

159 2589 184 2640 0.
200 2591 232 2640 de
246 2590 316 2654 leyii.
330 2588 384 2637 lucr.
400 2586 430 2653 (6,
441 2586 486 2653 58).
538 2583 559 2653 ⁶)
576 2587 698 2637 Correxit
708 2588 826 2638 Perizon.
842 2589 967 2637 caluitiauo
982 2589 1020 2651 (ut
1029 2600 1063 2647 25,
1074 2603 1106 2641 14.

157 2658 292 2726 pecatiaoo)
312 2659 369 2708 Vat.
385 2659 442 2708 edd.
509 2655 611 2724 ⁷)dotes
631 2659 689 2708 Vai.
705 2657 749 2725 (et)
765 2659 832 2707 dotes
846 2660 885 2708 ed.
900 2659 948 2723 Ba.
975 2660 1033 2708 Vid.
1051 2659 1106 2709 FlI.

153 2747 181 2795 p.
192 2741 238 2782 tid.
292 2725 311 2793 8)
330 2728 409 2790 Quam
423 2731 522 2793 alioqui
535 2731 624 2779 mortio
638 2744 717 2778 causa
728 2737 806 2792 pater
820 2732 860 2778 vel
873 2731 915 2778 uir
924 2729 1056 2791 capiebas,-
1071 2729 1105 2792 cf.

156 2816 237 2864 supra
252 2812 272 2861 o,
287 2812 307 2850 4.
334 2800 425 2864 Itaque
440 2816 507 2849 nunc
521 2815 555 2848 ecc
569 2806 715 2849 testamento
730 2802 766 2849 ad
774 2806 873 2862 patres,
889 2806 999 2848 ceterum
1013 2800 1049 2848 ad
1058 2814 1107 2863 po-

153 2873 243 2935 putum
253 2870 408 2933 pertinebat.
468 2867 489 2933 ⁹)
506 2870 544 2932 Of.
559 2870 631 2932 infra
646 2881 679 2928 es,
694 2882 713 2921 a.
729 2882 762 2927 ro,
777 2882 810 2920 rr.
825 2880 859 2926 uo,
873 2880 894 2918 2.
909 2881 929 2920 u.
952 2868 1008 2918 Gai.
1024 2881 1044 2929 s,
1059 2881 1106 2921 111.

157 2952 204 2992 itt.
219 2951 265 2991 286.
288 2938 330 2988 Fr.
346 2941 377 2988 de
388 2941 404 2988 i.
416 2941 477 3002 fisci
489 2952 510 2991 e.
525 2939 557 2988 L.
568 2956 610 2988 nn.
626 2941 648 3001 ἕ.
660 2951 680 2991 5.
697 2940 722 2989 C.
737 2940 769 2989 de
783 2941 873 2989 caduc.
885 2938 916 3005 (o,
926 2936 970 3004 51).
1022 2937 1054 3006 ¹⁰)
1065 2940 1107 2989 An

156 3011 222 3061 uelut
236 3026 259 3074 q.
274 3008 376 3074 (quod)?
442 3007 474 3074 ¹¹)
488 3024 588 3072 pereger
602 3010 713 3076 (facturn
722 3016 789 3074 puta
802 3025 837 3060 eac
850 3017 911 3060 nota
925 3009 1028 3075 peregr.)
1048 3011 1106 3059 Vol.

136 3138 138 3142 μ
156 3083 196 3132 ed⁴
207 3080 255 3146 39.
307 3076 339 3144 ¹¹)
357 3079 413 3129 Non
424 3087 509 3142 potest
522 3079 646 3144 Ulpianus
660 3096 710 3130 non
724 3082 832 3143 dixisse,
847 3082 910 3145 quid
923 3084 966 3130 lea
977 3081 1061 3143 Papio
1076 3081 1108 3129 de

157 3152 264 3202 caducis
283 3151 390 3200 caverit.
424 3149 460 3199 Et
477 3151 520 3200 dic
538 3158 634 3201 tantum
655 3153 785 3201 excidisse
806 3143 1017 3218 baetons'leonor
1033 3156 1107 3212 pato,

157 3225 224 3272 uelat
238 3223 330 3272 ltocce:
346 3218 464 3270 ‘Caduca
478 3223 535 3270 iure
549 3224 654 3286 antiquo
669 3223 769 3285 quidem
783 3223 819 3271 ad
832 3223 969 3272 colueredes
983 3222 1021 3269 uel
1031 3221 1107 3269 colle·

155 3295 274 3357 yatarlos
291 3291 456 3356 pertinebant
474 3293 531 3340 lacre
549 3294 729 3350 accrescendi,
751 3299 796 3342 arat
814 3296 899 3357 leonto
919 3293 947 3340 in
965 3291 1107 3339 hereditate

157 3363 329 3412 remanebant.
365 3362 409 3412 En
430 3364 485 3426 leae
505 3362 591 3424 Papia
611 3370 694 3412 autem
717 3365 844 3412 translata
865 3361 980 3411 suntad
1001 3361 1108 3410 heredes

153 3439 245 3495 patres
259 3435 299 3483 uel
313 3435 454 3497 leaatorios
468 3439 560 3496 patres
578 3441 648 3483 certo
667 3435 758 3483 ordine
776 3435 803 3481 in
822 3432 930 3481 caducis
944 3431 1108 3481 vindicandis

157 3504 307 3562 constituto,
323 3511 350 3552 ni
363 3505 387 3552 oi
400 3504 474 3553 lueres
488 3505 528 3552 uel
542 3504 684 3567 lanatarius
698 3510 777 3567 pater
791 3517 842 3551 non
855 3509 922 3550 esset
934 3504 973 3551 uel
987 3517 1038 3552 non
1052 3503 1107 3551 oin·
