2452 3840
329 183 434 219 boumn
451 181 559 219 rurum
576 181 673 217 naseu.
692 163 765 218 XVI.
786 167 876 216 12-2.
1014 162 1081 228 ,589

126 330 185 371 rum
201 329 262 372 xxv
284 313 333 382 sit,
356 318 403 367 aut
424 326 493 367 uuor
513 326 643 372 annorum
658 329 700 368 xx
719 312 822 374 minor;
843 311 908 366 item
928 310 952 366 si
970 311 1079 383 utrique

56 402 116 451 [4⁹³]
127 397 187 472 lege
202 397 281 470 Papia
302 393 393 451 finitos
414 410 498 450 annos
513 396 541 450 in
556 395 727 451 matrimonio
743 394 924 463 excesserim,
940 393 967 449 id
982 401 1024 450 cst
1039 395 1081 449 uir

125 498 166 538 ux
181 496 283 552 anuos,
304 496 372 535 uror
386 494 421 547 u;
441 480 505 534 item
521 479 544 533 si
559 479 667 552 cognati
688 480 758 535 inter
772 494 802 533 se
816 480 932 534 coierint
947 493 1033 551 usque
1048 476 1080 532 ad

126 573 231 621 sertum
260 556 398 637 gradum¹
440 558 480 618 1⁸.
503 554 617 616 ²Libera
644 562 714 617 iuter
741 578 788 617 eos
819 562 972 617 testamenti
999 560 1081 617 factio

125 656 179 717 est,
201 648 225 703 si
248 647 290 702 ius
317 643 464 703 liberorum
487 662 502 701 a
523 646 644 718 principe
672 645 882 716 inpetrauerint;
911 643 971 700 ’aut
993 645 1016 699 si
1037 646 1082 700 ulr

126 724 195 809 ¹(rei
206 732 342 803 publicae
358 721 481 804 causa)³
497 727 581 800 absit,
602 736 630 784 et
644 726 731 783 donec
746 726 822 783 abest
837 736 864 782 et
883 729 954 783 iutra
973 743 1081 799 annum,

127 823 272 889 postquam
293 812 386 870 abesse
407 805 548 884 desierit34
568 819 614 867 aut
630 812 653 866 si
673 808 757 867 filium
778 810 892 867 filiamue
913 825 1082 867 communem

128 899 252 969 habeant,
275 905 322 953 aut
344 895 559 969 quattuordecim
583 910 714 950 annorum
736 892 821 950 filium
844 894 889 950 uel
911 892 992 950 filiam
1014 894 1081 951 duo·

129 983 218 1037 decim
237 981 389 1051 amiseriut3
412 979 457 1036 uel
472 981 493 1036 si
509 980 578 1036 duos
599 981 708 1044 trimos,
730 977 774 1034 uel
790 986 845 1034 tres
866 987 930 1050 post
944 979 1082 1034 nominum

128 1064 198 1121 diem
218 1065 371 1135 amiserint,
395 1071 426 1118 ut
445 1065 515 1120 intra
535 1078 634 1118 aunum
656 1069 744 1117 tamen
760 1068 787 1117 et
807 1077 855 1117 sex
875 1076 981 1117 menses
1002 1062 1082 1117 etiarn

129 1164 199 1204 unus
215 1150 407 1221 cuiuscumque
424 1149 519 1203 aetatis
535 1146 649 1221 inpubes
671 1147 783 1201 amissus
804 1143 884 1201 solidi
904 1144 1026 1219 capiendi
1040 1146 1083 1200 ius

128 1240 257 1306 praestet.
301 1234 366 1287 item
381 1232 404 1286 si
419 1239 482 1304 post
497 1239 611 1286 mortem
627 1231 678 1285 uiri
693 1231 763 1286 intra
783 1228 876 1285 decem
892 1244 999 1286 menses
1014 1244 1083 1285 uxor

130 1331 163 1371 cu
178 1333 210 1372 eo
226 1317 382 1390 pepererit,
398 1315 514 1370 solidum
531 1331 562 1369 ex
579 1313 655 1369 bouis
671 1313 729 1369 eius
745 1315 824 1386 capit.

193 1397 223 1455 2.
245 1398 396 1471 Aliquando
419 1398 484 1453 nihil
511 1399 582 1452 iuter
604 1413 634 1452 se
656 1398 778 1470 capiunt:
808 1395 835 1450 id
858 1404 915 1466 est,
944 1397 966 1451 si
988 1403 1083 1452 contra

130 1481 221 1556 legem
233 1480 325 1537 {uliam
336 1480 496 1554 Papiamque
508 1479 663 1552 Poppaeam
679 1481 863 1534 contraxerint
874 1478 1083 1550 matrimonium,

131 1564 207 1622 uerbi
235 1566 321 1638 gratia
349 1566 373 1621 si
399 1563 528 1620 famosam
554 1555 718 1635 ’inpensus5
746 1577 857 1618 uxorem
886 1562 1009 1635 duxerit,
1037 1572 1084 1619 eut

131 1649 281 1706 libertinam
296 1657 417 1706 senator.

205 1820 224 1888 1)
241 1821 291 1883 Qui
310 1824 352 1873 bic
370 1831 512 1888 sequuntur
530 1825 581 1874 duo
600 1839 690 1873 uersus
708 1826 735 1873 in
759 1823 818 1872 Vat.
837 1830 862 1872 et
880 1824 938 1873 edd.
953 1833 994 1874 aut
1012 1826 1033 1874 si
1048 1827 1086 1875 nir

132 1893 202 1956 absit,
218 1901 241 1942 et
249 1893 324 1942 donec
332 1894 400 1942 abest
412 1900 435 1941 et
447 1894 509 1942 iutra
521 1908 606 1942 annum
616 1901 740 1957 postquam
751 1893 836 1941 abesse
847 1893 953 1956 desierit,
963 1910 1007 1945 eos
1013 1897 1085 1961 supi·

131 1965 198 2014 ticos
211 1978 266 2013 esse
275 1978 310 2012 eac
319 1979 348 2014 eo
360 1965 416 2014 loco
427 1964 449 2025 ἓ.
462 1965 598 2028 sequentis,
615 1965 659 2012 cui
670 1977 713 2013 eos
728 1963 886 2011 restituimus
900 1961 961 2028 (uid.
978 1971 1029 2014 not.
1043 1965 1085 2030 4.),

132 2036 183 2084 dua
197 2036 331 2091 euincunt,·
341 2036 453 2097 primum
468 2036 596 2098 incipiens
610 2040 662 2091 aut,
677 2048 725 2098 quo
740 2047 791 2081 non
805 2032 860 2092 bic,
875 2039 903 2080 at
915 2048 966 2098 seq.
982 2036 1012 2096 §o
1031 2037 1086 2084 sin-

130 2107 193 2170 pula
208 2104 317 2154 membra
331 2106 535 2170 distinpuuntun
549 2105 642 2154 deinde
657 2104 725 2168 quod
738 2103 780 2151 liic
795 2115 871 2151 casus
881 2111 919 2152 est
929 2119 979 2153 non
989 2112 1086 2156 tantum

134 2173 225 2225 ‘solidi
245 2172 420 2237 capacitatis',
439 2176 486 2224 sed
503 2175 600 2224 liberae
619 2175 762 2223 testamenti
777 2172 912 2235 factionis.
947 2174 1011 2224 Nam
1031 2192 1086 2226 cum

133 2247 180 2294 ilia
194 2247 377 2308 complectatur
391 2259 435 2294 eas
449 2260 555 2307 causas,
571 2245 706 2308 quaesere
720 2251 799 2293 entra
813 2244 966 2294 uoluntatem
982 2248 1087 2309 positae

132 2317 197 2378 sint,
216 2315 266 2364 bac
288 2314 414 2378 Ulpianus
431 2323 531 2365 ceteras
552 2315 756 2378 comprehendit,
778 2327 842 2377 quae
864 2330 881 2363 a
902 2317 1032 2366 uoluntate
1053 2333 1085 2368 ac

133 2387 222 2435 merito
233 2385 388 2449 pendebant,
404 2393 432 2435 ut
441 2388 474 2434 iis
484 2388 516 2444 is,
529 2387 573 2450 qui
582 2388 695 2435 ultimum
705 2385 829 2434 iudicium
839 2386 1011 2436 ordinaturus
1020 2396 1086 2446 erat,

134 2456 239 2505 liberam
253 2457 395 2505 testamenti
413 2457 554 2519 factionem
568 2457 771 2506 nancisceretur.
804 2453 916 2514 Quarum
935 2457 1087 2520 differentia

134 2540 272 2575 causarum
286 2526 415 2575 interdurn
429 2529 504 2575 etiarn
518 2528 545 2574 in
555 2541 585 2575 eo
595 2527 756 2585 cernebatur,
771 2525 840 2590 quod
849 2528 876 2574 in
885 2529 979 2589 priore
991 2542 1086 2592 penore

135 2597 262 2658 capientis
276 2595 404 2653 condicio,
415 2601 443 2643 ut
451 2603 517 2658 puta
527 2597 635 2644 minoris
648 2603 714 2643 XXV
724 2598 763 2644 uel
777 2602 820 2641 XX
832 2611 966 2653 annorum,
976 2603 1087 2659 tempore

135 2666 236 2714 delatae
250 2665 411 2722 hereditatis,
425 2667 452 2713 in
466 2667 548 2715 altero
563 2664 680 2727 defuncti
694 2667 810 2714 meritum
824 2676 935 2729 ternpore
946 2671 1088 2717 testamenti

135 2736 235 2786 conditi
252 2734 435 2785 aestimabatur
454 2733 499 2801 (cf.
520 2736 659 2785 Mommsen
677 2736 713 2784 ad
729 2734 791 2800 Bpii
813 2737 869 2799 Uip.
885 2751 912 2799 p.
928 2734 985 2802 10⁸).
1015 2736 1087 2802 Erpa

136 2808 162 2854 in
177 2813 267 2856 nostra
281 2807 379 2870 specie,
397 2807 422 2854 si
435 2808 476 2854 uir
490 2813 624 2870 antequam
642 2807 708 2869 reip.
728 2819 809 2854 causa
825 2821 937 2872 perepre
951 2809 1088 2871 profectus

136 2883 193 2925 erat
213 2891 260 2925 nec
283 2878 385 2926 ratione
406 2877 462 2927 eius
476 2877 650 2940 profectionis
670 2882 842 2928 testamentum
860 2877 975 2940 fecerat,
997 2881 1035 2928 uel
1056 2879 1088 2928 ab

136 2960 220 2995 umore
236 2946 311 2996 lieres
328 2947 461 2996 institutus
479 2953 549 3004 erat,
568 2962 619 2997 non
633 2945 788 3010 proficiebat
805 2950 938 3006 alterutri,
958 2950 1027 3012 quod
1044 2949 1087 2998 ab·

136 3017 233 3065 sentiae
247 3023 358 3078 tempore
372 3018 499 3066 alteruter
512 3017 654 3066 decederet.
683 3015 764 3066 Secus
778 3017 805 3067 in
820 3021 953 3069 contrario
968 3034 1039 3069 casu.

138 3082 236 3152 ²)ttern
254 3088 355 3149 supplet
373 3087 526 3150 peminando
546 3088 700 3136 antecedens
721 3085 843 3154 (desieriit
866 3086 1019 3154 Sebitlinp.;
1042 3105 1088 3153 epo

136 3158 220 3205 malim
231 3156 304 3217 Magis
319 3155 377 3220 (mg,
391 3157 460 3220 quod
473 3155 503 3206 ob
518 3159 578 3207 olim
592 3158 746 3207 antecedens
760 3161 857 3220 gradum
870 3159 951 3221 facile
966 3160 1088 3208 excidere

132 3225 237 3290 potuit).
311 3222 332 3292 ³)
352 3225 430 3275 Recte
447 3227 512 3276 daec
529 3228 660 3277 excidisse
679 3226 720 3292 (ob
739 3235 825 3279 notam
843 3228 916 3293 Effe.)
938 3230 1089 3278 iudicarunt

135 3296 159 3344 J.
177 3296 293 3359 Gotbosr.
314 3303 338 3345 et
356 3297 415 3353 alii,
435 3298 495 3347 licet
509 3297 541 3346 L.
556 3308 651 3349 sti-tta.
676 3298 707 3347 D.
723 3299 790 3362 quib.
806 3316 840 3349 eac
854 3313 924 3349 caus.
945 3301 1003 3346 mai.
1020 3297 1051 3365 (4,
1066 3297 1088 3364 6)

137 3364 190 3416 alio
203 3368 383 3431 spectaverint.
415 3367 452 3430 Cf.
468 3367 591 3418 Heinecc.
607 3369 643 3418 ad
656 3368 688 3417 L.
705 3369 769 3433 Pap.
787 3370 868 3434 Pupp.
884 3380 905 3427 a,
920 3378 952 3419 15.
973 3371 995 3430 ξ.
1010 3380 1030 3420 5.

138 3432 159 3500 4)
173 3435 247 3487 Haec
261 3438 285 3487 b.
297 3440 313 3486 l.
329 3437 360 3488 ob
375 3429 589 3505 buotonblepsou
604 3439 774 3502 inpetrauerint
790 3466 823 3476 -
838 3439 945 3496 desierit,
959 3440 1089 3489 excidisse

137 3505 263 3556 uidentur.
293 3507 331 3572 Of.
351 3515 443 3560 not.1t
463 3509 499 3558 ad
517 3520 590 3567 1s‚1.
651 3507 672 3575 ὓ)
687 3510 740 3573 quis
759 3511 905 3575 (postquam
919 3511 943 3559 in
958 3532 991 3553 -·
1005 3524 1029 3559 m
1043 3511 1089 3560 ad·
