<?xml version="1.0" encoding="UTF-8"?>
<!DOCTYPE html PUBLIC "-//W3C//DTD XHTML 1.0 Transitional//EN"
    "http://www.w3.org/TR/xhtml1/DTD/xhtml1-transitional.dtd">
<html xmlns="http://www.w3.org/1999/xhtml" xml:lang="en" lang="en">
 <head>
  <title>
</title>
<meta http-equiv="Content-Type" content="text/html;charset=utf-8" />
  <meta name='ocr-system' content='tesseract 3.04.00' />
  <meta name='ocr-capabilities' content='ocr_page ocr_carea ocr_par ocr_line ocrx_word'/>
</head>
<body>
  <div class='ocr_page' id='page_1' title='image "./domitiivlpianiq01huscgoog/domitiivlpianiq01huscgoog_0067.png"; bbox 0 0 2452 3840; ppageno 0'>
   <div class='ocr_carea' id='block_1_1' title="bbox 184 166 853 232">
    <p class='ocr_par' dir='ltr' id='par_1_1' title="bbox 184 166 853 232">
     <span class='ocr_line' id='line_1_1' title="bbox 184 166 853 232; baseline -0.006 -8"><span class='ocrx_word' id='word_1_1' title='bbox 184 166 252 232; x_wconf 80' lang='grc'><strong>622·</strong></span> <span class='ocrx_word' id='word_1_2' title='bbox 462 184 567 221; x_wconf 78' lang='lat' dir='ltr'><strong>nonaum</strong></span> <span class='ocrx_word' id='word_1_3' title='bbox 585 184 776 221; x_wconf 73' lang='lat' dir='ltr'><strong>variminus.</strong></span> <span class='ocrx_word' id='word_1_4' title='bbox 795 184 853 220; x_wconf 79' lang='lat' dir='ltr'><strong>nnn.</strong></span> 
     </span>
    </p>
   </div>
   <div class='ocr_carea' id='block_1_2' title="bbox 184 308 1137 638">
    <p class='ocr_par' dir='ltr' id='par_1_2' title="bbox 184 308 1137 638">
     <span class='ocr_line' id='line_1_2' title="bbox 184 308 1137 388; baseline -0.001 -17"><span class='ocrx_word' id='word_1_5' title='bbox 184 314 323 371; x_wconf 90' lang='lat' dir='ltr'><strong>stituiorio</strong></span> <span class='ocrx_word' id='word_1_6' title='bbox 337 313 381 370; x_wconf 90' lang='lat' dir='ltr'><strong>nel</strong></span> <span class='ocrx_word' id='word_1_7' title='bbox 391 312 551 370; x_wconf 87' lang='lat' dir='ltr'><strong>exhibitorio</strong></span> <span class='ocrx_word' id='word_1_8' title='bbox 561 313 704 371; x_wconf 82' lang='lat' dir='ltr'><strong>interdicto</strong></span> <span class='ocrx_word' id='word_1_9' title='bbox 716 313 833 384; x_wconf 86' lang='lat' dir='ltr'><strong>reddito,</strong></span> <span class='ocrx_word' id='word_1_10' title='bbox 849 314 980 388; x_wconf 87' lang='lat' dir='ltr'><strong>siquidem</strong></span> <span class='ocrx_word' id='word_1_11' title='bbox 994 308 1137 371; x_wconf 90' lang='lat' dir='ltr'><strong>arbitrum¹</strong></span> 
     </span>
     <span class='ocr_line' id='line_1_3' title="bbox 184 396 1137 473; baseline 0.002 -20"><span class='ocrx_word' id='word_1_12' title='bbox 184 396 364 472; x_wconf 89' lang='lat' dir='ltr'><strong>postulauerit</strong></span> <span class='ocrx_word' id='word_1_13' title='bbox 379 400 414 470; x_wconf 81' lang='lat' dir='ltr'><strong>is,</strong></span> <span class='ocrx_word' id='word_1_14' title='bbox 430 414 490 454; x_wconf 89' lang='lat' dir='ltr'><strong>oum</strong></span> <span class='ocrx_word' id='word_1_15' title='bbox 506 414 559 471; x_wconf 92' lang='lat' dir='ltr'><strong>quo</strong></span> <span class='ocrx_word' id='word_1_16' title='bbox 576 401 676 471; x_wconf 83' lang='lat' dir='ltr'><strong>agitur,</strong></span> <span class='ocrx_word' id='word_1_17' title='bbox 691 397 836 454; x_wconf 92' lang='lat' dir='ltr'><strong>formulam</strong></span> <span class='ocrx_word' id='word_1_18' title='bbox 850 400 947 473; x_wconf 82' lang='lat' dir='ltr'><strong>accipit</strong></span> <span class='ocrx_word' id='word_1_19' title='bbox 962 397 1137 472; x_wconf 76' lang='lat' dir='ltr'><strong>arbitrariam,</strong></span> 
     </span>
     <span class='ocr_line' id='line_1_4' title="bbox 184 473 1137 558; baseline 0.004 -22"><span class='ocrx_word' id='word_1_20' title='bbox 184 497 233 555; x_wconf 93' lang='lat' dir='ltr'><strong>per</strong></span> <span class='ocrx_word' id='word_1_21' title='bbox 248 497 329 555; x_wconf 91' lang='lat' dir='ltr'><strong>quam</strong></span> <span class='ocrx_word' id='word_1_22' title='bbox 344 479 454 552; x_wconf 79' lang='lat' dir='ltr'><strong>arbiter,</strong></span> <span class='ocrx_word' id='word_1_23' title='bbox 471 473 475 558; x_wconf 70' lang='lat' dir='ltr'><strong>l</strong></span> <span class='ocrx_word' id='word_1_24' title='bbox 494 479 560 538; x_wconf 82' lang='lat' dir='ltr'><strong>&#39;nisi</strong></span> <span class='ocrx_word' id='word_1_25' title='bbox 580 483 702 539; x_wconf 79' lang='lat' dir='ltr'><strong>arbitrio</strong></span> <span class='ocrx_word' id='word_1_26' title='bbox 718 485 779 539; x_wconf 82' lang='lat' dir='ltr'><strong>eius</strong></span> <span class='ocrx_word' id='word_1_27' title='bbox 798 487 969 540; x_wconf 79' lang='lat' dir='ltr'><strong>restituatur</strong></span> <span class='ocrx_word' id='word_1_28' title='bbox 988 486 1035 540; x_wconf 84' lang='lat' dir='ltr'><strong>uel</strong></span> <span class='ocrx_word' id='word_1_29' title='bbox 1055 485 1137 540; x_wconf 82' lang='lat' dir='ltr'><strong>exbi-</strong></span> 
     </span>
     <span class='ocr_line' id='line_1_5' title="bbox 185 560 1029 638; baseline 0.002 -17"><span class='ocrx_word' id='word_1_30' title='bbox 185 566 297 630; x_wconf 88' lang='lat' dir='ltr'><strong>beatur,</strong></span> <span class='ocrx_word' id='word_1_31' title='bbox 314 569 416 638; x_wconf 81' lang='lat' dir='ltr'><strong>quanti</strong></span> <span class='ocrx_word' id='word_1_32' title='bbox 430 581 464 620; x_wconf 83' lang='lat' dir='ltr'><strong>ea</strong></span> <span class='ocrx_word' id='word_1_33' title='bbox 479 580 528 621; x_wconf 85' lang='lat' dir='ltr'><strong>res</strong></span> <span class='ocrx_word' id='word_1_34' title='bbox 542 569 588 637; x_wconf 81' lang='lat' dir='ltr'><strong>sit,</strong></span> <span class='ocrx_word' id='word_1_35' title='bbox 606 569 797 623; x_wconf 83' lang='lat' dir='ltr'><strong>condemnere</strong></span> <span class='ocrx_word' id='word_1_36' title='bbox 813 583 876 624; x_wconf 83' lang='lat' dir='ltr'><strong>eum</strong></span> <span class='ocrx_word' id='word_1_37' title='bbox 891 560 1029 624; x_wconf 82' lang='lat' dir='ltr'><strong>iubetur.²</strong></span> 
     </span>
    </p>
   </div>
   <div class='ocr_carea' id='block_1_3' title="bbox 155 677 1139 890">
    <p class='ocr_par' dir='ltr' id='par_1_3' title="bbox 155 677 1139 890">
     <span class='ocr_line' id='line_1_6' title="bbox 185 677 1138 748; baseline 0.002 -19"><span class='ocrx_word' id='word_1_38' title='bbox 185 677 232 748; x_wconf 91' lang='lat' dir='ltr'><strong>[ild</strong></span> <span class='ocrx_word' id='word_1_39' title='bbox 246 680 339 743; x_wconf 87' lang='lat' dir='ltr'><strong>Ulpiani</strong></span> <span class='ocrx_word' id='word_1_40' title='bbox 353 681 529 730; x_wconf 83' lang='lat' dir='ltr'><strong>Institutionum</strong></span> <span class='ocrx_word' id='word_1_41' title='bbox 543 681 629 730; x_wconf 91' lang='lat' dir='ltr'><strong>librum</strong></span> <span class='ocrx_word' id='word_1_42' title='bbox 648 682 750 744; x_wconf 89' lang='lat' dir='ltr'><strong>primum</strong></span> <span class='ocrx_word' id='word_1_43' title='bbox 768 683 839 730; x_wconf 91' lang='lat' dir='ltr'><strong>etiam</strong></span> <span class='ocrx_word' id='word_1_44' title='bbox 858 683 1002 745; x_wconf 82' lang='lat' dir='ltr'><strong>pertinuisse</strong></span> <span class='ocrx_word' id='word_1_45' title='bbox 1021 682 1138 746; x_wconf 87' lang='lat' dir='ltr'><strong>ridentur,</strong></span> 
     </span>
     <span class='ocr_line' id='line_1_7' title="bbox 155 749 1139 817; baseline 0.006 -18"><span class='ocrx_word' id='word_1_46' title='bbox 155 796 157 799; x_wconf 82' lang='grc'><strong>,</strong></span> <span class='ocrx_word' id='word_1_47' title='bbox 185 766 244 815; x_wconf 90' lang='lat' dir='ltr'><strong>quae</strong></span> <span class='ocrx_word' id='word_1_48' title='bbox 263 752 376 801; x_wconf 83' lang='lat' dir='ltr'><strong>Boethius</strong></span> <span class='ocrx_word' id='word_1_49' title='bbox 395 752 467 800; x_wconf 89' lang='lat' dir='ltr'><strong>habet</strong></span> <span class='ocrx_word' id='word_1_50' title='bbox 486 765 571 803; x_wconf 82' lang='lat' dir='ltr'><strong>comm.</strong></span> <span class='ocrx_word' id='word_1_51' title='bbox 590 753 614 800; x_wconf 90' lang='lat' dir='ltr'><strong>in</strong></span> <span class='ocrx_word' id='word_1_52' title='bbox 633 749 681 800; x_wconf 83' lang='lat' dir='ltr'><strong>Cio.</strong></span> <span class='ocrx_word' id='word_1_53' title='bbox 702 753 761 814; x_wconf 86' lang='lat' dir='ltr'><strong>Top.</strong></span> <span class='ocrx_word' id='word_1_54' title='bbox 784 753 823 802; x_wconf 93' lang='lat' dir='ltr'><strong>lib.</strong></span> <span class='ocrx_word' id='word_1_55' title='bbox 844 753 872 802; x_wconf 84' lang='lat' dir='ltr'><strong>ll.</strong></span> <span class='ocrx_word' id='word_1_56' title='bbox 888 753 925 804; x_wconf 87' lang='lat' dir='ltr'><strong>ed.</strong></span> <span class='ocrx_word' id='word_1_57' title='bbox 940 754 1027 803; x_wconf 83' lang='lat' dir='ltr'><strong>Baiter.</strong></span> <span class='ocrx_word' id='word_1_58' title='bbox 1043 768 1066 817; x_wconf 88' lang='lat' dir='ltr'><strong>p.</strong></span> <span class='ocrx_word' id='word_1_59' title='bbox 1081 764 1139 812; x_wconf 66' lang='lat' dir='ltr'><strong>aba„</strong></span> 
     </span>
     <span class='ocr_line' id='line_1_8' title="bbox 185 819 899 890; baseline 0.004 -20"><span class='ocrx_word' id='word_1_60' title='bbox 185 823 260 884; x_wconf 83' lang='lat' dir='ltr'><strong>magis</strong></span> <span class='ocrx_word' id='word_1_61' title='bbox 275 828 353 871; x_wconf 88' lang='lat' dir='ltr'><strong>tamen</strong></span> <span class='ocrx_word' id='word_1_62' title='bbox 369 823 509 871; x_wconf 89' lang='lat' dir='ltr'><strong>sententiam</strong></span> <span class='ocrx_word' id='word_1_63' title='bbox 525 836 594 886; x_wconf 91' lang='lat' dir='ltr'><strong>quam</strong></span> <span class='ocrx_word' id='word_1_64' title='bbox 610 823 661 886; x_wconf 91' lang='lat' dir='ltr'><strong>ipsa</strong></span> <span class='ocrx_word' id='word_1_65' title='bbox 675 823 746 871; x_wconf 84' lang='lat' dir='ltr'><strong>uerba</strong></span> <span class='ocrx_word' id='word_1_66' title='bbox 762 819 899 890; x_wconf 64' lang='lat' dir='ltr'><strong>referens}</strong></span> 
     </span>
    </p>
   </div>
   <div class='ocr_carea' id='block_1_4' title="bbox 227 925 1140 1927">
    <p class='ocr_par' dir='ltr' id='par_1_4' title="bbox 227 925 1140 1927">
     <span class='ocr_line' id='line_1_9' title="bbox 270 925 1139 1004; baseline 0.001 -17"><span class='ocrx_word' id='word_1_67' title='bbox 270 930 365 987; x_wconf 90' lang='lat' dir='ltr'><strong>&#39;lribus</strong></span> <span class='ocrx_word' id='word_1_68' title='bbox 381 931 467 988; x_wconf 89' lang='lat' dir='ltr'><strong>modis</strong></span> <span class='ocrx_word' id='word_1_69' title='bbox 481 948 548 988; x_wconf 83' lang='lat' dir='ltr'><strong>uxor</strong></span> <span class='ocrx_word' id='word_1_70' title='bbox 563 930 718 1001; x_wconf 88' lang='lat' dir='ltr'><strong>habebatur,</strong></span> <span class='ocrx_word' id='word_1_71' title='bbox 736 949 797 1003; x_wconf 91' lang='lat' dir='ltr'><strong>usn,</strong></span> <span class='ocrx_word' id='word_1_72' title='bbox 814 925 1079 1004; x_wconf 79' lang='lat' dir='ltr'><strong>(conilarreatione,³</strong></span> <span class='ocrx_word' id='word_1_73' title='bbox 1094 949 1139 989; x_wconf 91' lang='lat' dir='ltr'><strong>co·</strong></span> 
     </span>
     <span class='ocr_line' id='line_1_10' title="bbox 228 1014 1137 1089; baseline 0.006 -17"><span class='ocrx_word' id='word_1_74' title='bbox 228 1017 379 1089; x_wconf 87' lang='lat' dir='ltr'><strong>emptione;</strong></span> <span class='ocrx_word' id='word_1_75' title='bbox 403 1014 449 1071; x_wconf 91' lang='lat' dir='ltr'><strong>sed</strong></span> <span class='ocrx_word' id='word_1_76' title='bbox 465 1015 644 1072; x_wconf 81' lang='lat' dir='ltr'><strong>confarreatio</strong></span> <span class='ocrx_word' id='word_1_77' title='bbox 665 1014 731 1072; x_wconf 91' lang='lat' dir='ltr'><strong>solis</strong></span> <span class='ocrx_word' id='word_1_78' title='bbox 753 1014 927 1089; x_wconf 87' lang='lat' dir='ltr'><strong>pontificibus</strong></span> <span class='ocrx_word' id='word_1_79' title='bbox 950 1015 1137 1077; x_wconf 81' lang='lat' dir='ltr'><strong>conueniebat.</strong></span> 
     </span>
     <span class='ocr_line' id='line_1_11' title="bbox 228 1099 1136 1173; baseline -0.001 -17"><span class='ocrx_word' id='word_1_80' title='bbox 228 1099 299 1167; x_wconf 81' lang='lat' dir='ltr'><strong>Quae</strong></span> <span class='ocrx_word' id='word_1_81' title='bbox 315 1108 403 1156; x_wconf 90' lang='lat' dir='ltr'><strong>autem</strong></span> <span class='ocrx_word' id='word_1_82' title='bbox 419 1101 445 1154; x_wconf 93' lang='lat' dir='ltr'><strong>in</strong></span> <span class='ocrx_word' id='word_1_83' title='bbox 461 1116 568 1155; x_wconf 90' lang='lat' dir='ltr'><strong>manum</strong></span> <span class='ocrx_word' id='word_1_84' title='bbox 584 1116 632 1172; x_wconf 92' lang='lat' dir='ltr'><strong>per</strong></span> <span class='ocrx_word' id='word_1_85' title='bbox 647 1101 843 1173; x_wconf 88' lang='lat' dir='ltr'><strong>coemptionem</strong></span> <span class='ocrx_word' id='word_1_86' title='bbox 864 1107 1064 1170; x_wconf 88' lang='lat' dir='ltr'><strong>conuenerant,</strong></span> <span class='ocrx_word' id='word_1_87' title='bbox 1086 1100 1136 1155; x_wconf 86' lang='lat' dir='ltr'><strong>lrae</strong></span> 
     </span>
     <span class='ocr_line' id='line_1_12' title="bbox 227 1177 1138 1257; baseline 0 -18"><span class='ocrx_word' id='word_1_88' title='bbox 227 1183 441 1239; x_wconf 77' lang='lat' dir='ltr'><strong>matresfamilias</strong></span> <span class='ocrx_word' id='word_1_89' title='bbox 465 1182 641 1252; x_wconf 79' lang='lat' dir='ltr'><strong>uocabantur,</strong></span> <span class='ocrx_word' id='word_1_90' title='bbox 664 1199 732 1257; x_wconf 89' lang='lat' dir='ltr'><strong>qnae</strong></span> <span class='ocrx_word' id='word_1_91' title='bbox 755 1199 819 1239; x_wconf 88' lang='lat' dir='ltr'><strong>uero</strong></span> <span class='ocrx_word' id='word_1_92' title='bbox 844 1200 895 1240; x_wconf 89' lang='lat' dir='ltr'><strong>usu</strong></span> <span class='ocrx_word' id='word_1_93' title='bbox 910 1183 954 1239; x_wconf 91' lang='lat' dir='ltr'><strong>uel</strong></span> <span class='ocrx_word' id='word_1_94' title='bbox 977 1177 1138 1257; x_wconf 87' lang='lat' dir='ltr'><strong>(oou)farre·</strong></span> 
     </span>
     <span class='ocr_line' id='line_1_13' title="bbox 228 1259 1138 1340; baseline 0 -18"><span class='ocrx_word' id='word_1_95' title='bbox 228 1259 349 1337; x_wconf 79' lang='lat' dir='ltr'><strong>atione,³</strong></span> <span class='ocrx_word' id='word_1_96' title='bbox 377 1268 493 1322; x_wconf 91' lang='lat' dir='ltr'><strong>minime.</strong></span> <span class='ocrx_word' id='word_1_97' title='bbox 548 1265 687 1340; x_wconf 85' lang='lat' dir='ltr'><strong>Coemptio</strong></span> <span class='ocrx_word' id='word_1_98' title='bbox 716 1282 782 1323; x_wconf 92' lang='lat' dir='ltr'><strong>nero</strong></span> <span class='ocrx_word' id='word_1_99' title='bbox 808 1269 892 1324; x_wconf 86' lang='lat' dir='ltr'><strong>certis</strong></span> <span class='ocrx_word' id='word_1_100' title='bbox 921 1265 1138 1323; x_wconf 90' lang='lat' dir='ltr'><strong>solemnitatibus</strong></span> 
     </span>
     <span class='ocr_line' id='line_1_14' title="bbox 227 1348 1140 1425; baseline -0.001 -18"><span class='ocrx_word' id='word_1_101' title='bbox 227 1350 416 1425; x_wconf 80' lang='lat' dir='ltr'><strong>peragebatur,</strong></span> <span class='ocrx_word' id='word_1_102' title='bbox 432 1359 459 1406; x_wconf 92' lang='lat' dir='ltr'><strong>et</strong></span> <span class='ocrx_word' id='word_1_103' title='bbox 469 1366 530 1407; x_wconf 89' lang='lat' dir='ltr'><strong>sese</strong></span> <span class='ocrx_word' id='word_1_104' title='bbox 543 1352 570 1406; x_wconf 91' lang='lat' dir='ltr'><strong>in</strong></span> <span class='ocrx_word' id='word_1_105' title='bbox 583 1351 729 1407; x_wconf 88' lang='lat' dir='ltr'><strong>coemendo</strong></span> <span class='ocrx_word' id='word_1_106' title='bbox 741 1348 1081 1425; x_wconf 80' lang='lat' dir='ltr'><strong>inuicem-interrogabant,</strong></span> <span class='ocrx_word' id='word_1_107' title='bbox 1098 1353 1140 1407; x_wconf 93' lang='lat' dir='ltr'><strong>uir</strong></span> 
     </span>
     <span class='ocr_line' id='line_1_15' title="bbox 228 1429 1139 1509; baseline 0 -18"><span class='ocrx_word' id='word_1_108' title='bbox 228 1438 275 1507; x_wconf 91' lang='lat' dir='ltr'><strong>ita,</strong></span> <span class='ocrx_word' id='word_1_109' title='bbox 294 1451 328 1490; x_wconf 92' lang='lat' dir='ltr'><strong>an</strong></span> <span class='ocrx_word' id='word_1_110' title='bbox 343 1434 439 1491; x_wconf 90' lang='lat' dir='ltr'><strong>mulier</strong></span> <span class='ocrx_word' id='word_1_111' title='bbox 452 1434 502 1490; x_wconf 90' lang='lat' dir='ltr'><strong>sibi</strong></span> <span class='ocrx_word' id='word_1_112' title='bbox 518 1434 716 1490; x_wconf 79' lang='lat' dir='ltr'><strong>materfamilias</strong></span> <span class='ocrx_word' id='word_1_113' title='bbox 734 1451 793 1491; x_wconf 93' lang='lat' dir='ltr'><strong>esse</strong></span> <span class='ocrx_word' id='word_1_114' title='bbox 808 1435 908 1504; x_wconf 80' lang='lat' dir='ltr'><strong>uellet3</strong></span> <span class='ocrx_word' id='word_1_115' title='bbox 931 1429 976 1491; x_wconf 91' lang='lat' dir='ltr'><strong>illa</strong></span> <span class='ocrx_word' id='word_1_116' title='bbox 991 1434 1139 1509; x_wconf 88' lang='lat' dir='ltr'><strong>responde·</strong></span> 
     </span>
     <span class='ocr_line' id='line_1_16' title="bbox 227 1517 1138 1594; baseline -0.002 -19"><span class='ocrx_word' id='word_1_117' title='bbox 227 1519 288 1594; x_wconf 85' lang='lat' dir='ltr'><strong>bat,</strong></span> <span class='ocrx_word' id='word_1_118' title='bbox 311 1518 390 1576; x_wconf 88' lang='lat' dir='ltr'><strong>nelle.</strong></span> <span class='ocrx_word' id='word_1_119' title='bbox 434 1517 617 1574; x_wconf 90' lang='lat' dir='ltr'><strong>itemmulier</strong></span> <span class='ocrx_word' id='word_1_120' title='bbox 638 1518 837 1590; x_wconf 82' lang='lat' dir='ltr'><strong>interrogabat,</strong></span> <span class='ocrx_word' id='word_1_121' title='bbox 860 1537 893 1575; x_wconf 90' lang='lat' dir='ltr'><strong>au</strong></span> <span class='ocrx_word' id='word_1_122' title='bbox 916 1519 959 1575; x_wconf 91' lang='lat' dir='ltr'><strong>uir</strong></span> <span class='ocrx_word' id='word_1_123' title='bbox 975 1517 1026 1574; x_wconf 90' lang='lat' dir='ltr'><strong>sibi</strong></span> <span class='ocrx_word' id='word_1_124' title='bbox 1048 1527 1138 1592; x_wconf 86' lang='lat' dir='ltr'><strong>pater·</strong></span> 
     </span>
     <span class='ocr_line' id='line_1_17' title="bbox 228 1601 1138 1675; baseline -0.002 -17"><span class='ocrx_word' id='word_1_125' title='bbox 228 1603 340 1659; x_wconf 87' lang='lat' dir='ltr'><strong>familias</strong></span> <span class='ocrx_word' id='word_1_126' title='bbox 357 1619 415 1659; x_wconf 89' lang='lat' dir='ltr'><strong>esse</strong></span> <span class='ocrx_word' id='word_1_127' title='bbox 431 1602 525 1672; x_wconf 89' lang='lat' dir='ltr'><strong>uellet,</strong></span> <span class='ocrx_word' id='word_1_128' title='bbox 543 1601 589 1657; x_wconf 94' lang='lat' dir='ltr'><strong>ille</strong></span> <span class='ocrx_word' id='word_1_129' title='bbox 605 1601 793 1675; x_wconf 87' lang='lat' dir='ltr'><strong>respondebat,</strong></span> <span class='ocrx_word' id='word_1_130' title='bbox 815 1602 896 1659; x_wconf 92' lang='lat' dir='ltr'><strong>uelle.</strong></span> <span class='ocrx_word' id='word_1_131' title='bbox 933 1603 1026 1675; x_wconf 90' lang='lat' dir='ltr'><strong>ltaque</strong></span> <span class='ocrx_word' id='word_1_132' title='bbox 1041 1602 1138 1657; x_wconf 89' lang='lat' dir='ltr'><strong>mulier</strong></span> 
     </span>
     <span class='ocr_line' id='line_1_18' title="bbox 229 1685 1140 1759; baseline -0.002 -17"><span class='ocrx_word' id='word_1_133' title='bbox 229 1688 280 1742; x_wconf 92' lang='lat' dir='ltr'><strong>uiri</strong></span> <span class='ocrx_word' id='word_1_134' title='bbox 295 1685 471 1742; x_wconf 85' lang='lat' dir='ltr'><strong>conueniebat</strong></span> <span class='ocrx_word' id='word_1_135' title='bbox 485 1689 513 1743; x_wconf 89' lang='lat' dir='ltr'><strong>in</strong></span> <span class='ocrx_word' id='word_1_136' title='bbox 530 1702 650 1757; x_wconf 90' lang='lat' dir='ltr'><strong>manum,</strong></span> <span class='ocrx_word' id='word_1_137' title='bbox 671 1688 702 1741; x_wconf 89' lang='lat' dir='ltr'><strong>et</strong></span> <span class='ocrx_word' id='word_1_138' title='bbox 713 1685 880 1742; x_wconf 82' lang='lat' dir='ltr'><strong>uocabantur</strong></span> <span class='ocrx_word' id='word_1_139' title='bbox 900 1685 950 1740; x_wconf 92' lang='lat' dir='ltr'><strong>hae</strong></span> <span class='ocrx_word' id='word_1_140' title='bbox 964 1686 1074 1759; x_wconf 90' lang='lat' dir='ltr'><strong>nuptiae</strong></span> <span class='ocrx_word' id='word_1_141' title='bbox 1089 1700 1140 1758; x_wconf 83' lang='lat' dir='ltr'><strong>per</strong></span> 
     </span>
     <span class='ocr_line' id='line_1_19' title="bbox 229 1767 1138 1843; baseline 0.001 -17"><span class='ocrx_word' id='word_1_142' title='bbox 229 1771 436 1843; x_wconf 90' lang='lat' dir='ltr'><strong>coemptionem,</strong></span> <span class='ocrx_word' id='word_1_143' title='bbox 453 1778 552 1826; x_wconf 85' lang='lat' dir='ltr'><strong>eierat</strong></span> <span class='ocrx_word' id='word_1_144' title='bbox 568 1770 662 1826; x_wconf 84' lang='lat' dir='ltr'><strong>mulier</strong></span> <span class='ocrx_word' id='word_1_145' title='bbox 678 1768 885 1840; x_wconf 86' lang='lat' dir='ltr'><strong>materfamilias,</strong></span> <span class='ocrx_word' id='word_1_146' title='bbox 907 1770 966 1825; x_wconf 93' lang='lat' dir='ltr'><strong>uiro</strong></span> <span class='ocrx_word' id='word_1_147' title='bbox 982 1769 1042 1826; x_wconf 92' lang='lat' dir='ltr'><strong>loeo</strong></span> <span class='ocrx_word' id='word_1_148' title='bbox 1058 1767 1138 1827; x_wconf 86' lang='lat' dir='ltr'><strong>filiae.</strong></span> 
     </span>
     <span class='ocr_line' id='line_1_20' title="bbox 230 1852 1080 1927; baseline 0.007 -19"><span class='ocrx_word' id='word_1_149' title='bbox 230 1852 313 1920; x_wconf 83' lang='lat' dir='ltr'><strong>Quam</strong></span> <span class='ocrx_word' id='word_1_150' title='bbox 329 1854 525 1910; x_wconf 90' lang='lat' dir='ltr'><strong>solemnitatem</strong></span> <span class='ocrx_word' id='word_1_151' title='bbox 541 1855 567 1909; x_wconf 92' lang='lat' dir='ltr'><strong>in</strong></span> <span class='ocrx_word' id='word_1_152' title='bbox 583 1855 639 1909; x_wconf 92' lang='lat' dir='ltr'><strong>suis</strong></span> <span class='ocrx_word' id='word_1_153' title='bbox 654 1853 786 1909; x_wconf 90' lang='lat' dir='ltr'><strong>institutis</strong></span> <span class='ocrx_word' id='word_1_154' title='bbox 801 1853 929 1927; x_wconf 90' lang='lat' dir='ltr'><strong>Ulpianus</strong></span> <span class='ocrx_word' id='word_1_155' title='bbox 945 1855 1080 1927; x_wconf 82' lang='lat' dir='ltr'><strong>exposuit.</strong></span> 
     </span>
    </p>
   </div>
   <div class='ocr_carea' id='block_1_5' title="bbox 183 2017 1139 2214">
    <p class='ocr_par' dir='ltr' id='par_1_5' title="bbox 183 2017 1139 2214">
     <span class='ocr_line' id='line_1_21' title="bbox 261 2017 1139 2088; baseline -0.002 -17"><span class='ocrx_word' id='word_1_156' title='bbox 261 2020 280 2088; x_wconf 89' lang='grc'><strong>1)</strong></span> <span class='ocrx_word' id='word_1_157' title='bbox 295 2023 419 2071; x_wconf 88' lang='lat' dir='ltr'><strong>arbitrium</strong></span> <span class='ocrx_word' id='word_1_158' title='bbox 433 2023 490 2072; x_wconf 86' lang='lat' dir='ltr'><strong>edd.</strong></span> <span class='ocrx_word' id='word_1_159' title='bbox 502 2035 521 2072; x_wconf 88' lang='lat'><strong>1.</strong></span> <span class='ocrx_word' id='word_1_160' title='bbox 532 2034 553 2072; x_wconf 80' lang='lat' dir='ltr'><strong>e.</strong></span> <span class='ocrx_word' id='word_1_161' title='bbox 568 2024 630 2071; x_wconf 85' lang='lat' dir='ltr'><strong>oita&#39;o</strong></span> <span class='ocrx_word' id='word_1_162' title='bbox 646 2030 771 2086; x_wconf 74' lang='lat' dir='ltr'><strong>typorum.</strong></span> <span class='ocrx_word' id='word_1_163' title='bbox 824 2017 843 2081; x_wconf 75' lang='lat'><strong>⁹)</strong></span> <span class='ocrx_word' id='word_1_164' title='bbox 859 2022 903 2070; x_wconf 81' lang='lat' dir='ltr'><strong>Ad</strong></span> <span class='ocrx_word' id='word_1_165' title='bbox 915 2023 1065 2071; x_wconf 83' lang='lat' dir='ltr'><strong>seutentiam</strong></span> <span class='ocrx_word' id='word_1_166' title='bbox 1078 2036 1139 2084; x_wconf 84' lang='lat' dir='ltr'><strong>sup·</strong></span> 
     </span>
     <span class='ocr_line' id='line_1_22' title="bbox 183 2089 1137 2158; baseline -0.002 -16"><span class='ocrx_word' id='word_1_167' title='bbox 183 2095 261 2156; x_wconf 83' lang='lat' dir='ltr'><strong>pleni.</strong></span> <span class='ocrx_word' id='word_1_168' title='bbox 292 2094 329 2156; x_wconf 84' lang='lat' dir='ltr'><strong>Cf.</strong></span> <span class='ocrx_word' id='word_1_169' title='bbox 349 2092 559 2154; x_wconf 78' lang='lat' dir='ltr'><strong>Goi.4‚162.163.</strong></span> <span class='ocrx_word' id='word_1_170' title='bbox 612 2089 632 2158; x_wconf 81' lang='lat'><strong>³)</strong></span> <span class='ocrx_word' id='word_1_171' title='bbox 648 2107 693 2142; x_wconf 88' lang='lat' dir='ltr'><strong>eon</strong></span> <span class='ocrx_word' id='word_1_172' title='bbox 708 2094 782 2142; x_wconf 85' lang='lat' dir='ltr'><strong>initio</strong></span> <span class='ocrx_word' id='word_1_173' title='bbox 797 2093 897 2142; x_wconf 84' lang='lat' dir='ltr'><strong>addidi.</strong></span> <span class='ocrx_word' id='word_1_174' title='bbox 917 2092 1059 2142; x_wconf 83' lang='lat' dir='ltr'><strong>farreatione</strong></span> <span class='ocrx_word' id='word_1_175' title='bbox 1075 2092 1137 2141; x_wconf 74' lang='lat' dir='ltr'><strong>Otto.</strong></span> 
     </span>
     <span class='ocr_line' id='line_1_23' title="bbox 187 2165 487 2214; baseline -0.003 -1"><span class='ocrx_word' id='word_1_176' title='bbox 187 2165 244 2214; x_wconf 86' lang='lat' dir='ltr'><strong>edd.</strong></span> <span class='ocrx_word' id='word_1_177' title='bbox 259 2165 335 2213; x_wconf 85' lang='lat' dir='ltr'><strong>etium</strong></span> <span class='ocrx_word' id='word_1_178' title='bbox 350 2179 417 2212; x_wconf 83' lang='lat' dir='ltr'><strong>ureae</strong></span> <span class='ocrx_word' id='word_1_179' title='bbox 432 2176 451 2213; x_wconf 87' lang='lat'><strong>1.</strong></span> <span class='ocrx_word' id='word_1_180' title='bbox 467 2174 487 2212; x_wconf 85' lang='lat'><strong>2.</strong></span> 
     </span>
    </p>
   </div>
   <div class='ocr_carea' id='block_1_6' title="bbox 0 0 1237 3840">
    <p class='ocr_par' dir='ltr' id='par_1_6' title="bbox 0 0 1237 3840">
     <span class='ocr_line' id='line_1_24' title="bbox 0 0 1237 3840; baseline 0 0"><span class='ocrx_word' id='word_1_181' title='bbox 0 0 1237 3840; x_wconf 95' lang='lat' dir='ltr'><strong> </strong></span> 
     </span>
    </p>
   </div>
  </div>
 </body>
</html>
