2452 3840
164 180 225 244 640
324 196 428 232 ooursn
446 195 553 232 ruerem
572 159 604 246 (i)
622 194 719 230 resen.
739 196 774 230 oe
792 195 853 231 mas
871 194 949 231 susce.

226 327 255 384 8.
281 319 350 393 ¹Qai
364 331 465 382 contra
487 324 604 382 edictum
626 324 681 380 diui
695 325 821 398 Augustei
838 340 896 381 rem
915 323 1060 397 litigiosam
1076 335 1113 389 at

162 430 219 468 non
249 412 411 482 possidente
441 410 616 482 comparauit,
648 412 842 482 praelterquam
876 400 977 484 (qnod)
1012 410 1114 481 emptio

128 494 271 562 rouulllius
299 495 427 549 momenti
450 500 510 564 est,
537 508 650 565 poenam
676 496 680 547 Ι
704 493 899 565 quinquaginta
925 493 1115 548 sestertiorum

163 577 229 635 fisco
252 585 464 651 retpraeseutare
485 575 665 650 compellitur,
709 592 753 630 res
775 583 864 632 autem
880 582 885 640 1
900 575 1019 648 litigiosa
1039 576 1116 632 uide·

129 679 154 720 15
164 672 220 734 tur,
242 661 276 717 de
297 678 348 735 qua
370 654 434 716 'lis²
450 667 455 723 Ι
472 660 542 733 apud
558 675 636 716 suum
650 659 764 715 iudicem
782 663 786 724 Ι
803 658 890 715 delata
904 667 956 714 est.
999 659 1047 715 sed
1062 660 1118 716 hoc

161 749 189 802 iu
205 743 412 819 prouincialibus
430 747 434 809 Ι
451 743 542 861 lundis
556 760 637 817 praua
652 735 853 817 usurpaltione³
867 743 992 816 optinuit.
1008 748 1013 807 Ι

162 829 169 854 ’
554 833 559 888 Ι

126 926 153 967 so
225 910 255 969 a.
280 908 422 968 ⁵Ahsentes
445 913 576 985 fugitiuos
593 919 598 978 Ι
615 927 714 967 uenum
736 909 793 967 dari
807 918 855 967 aut
873 912 1022 984 comparari
1038 917 1043 974 Ι
1060 927 1117 967 am·

163 997 300 1070 plissimus
316 997 383 1053 ordo
407 1004 412 1062 Ι
435 995 589 1070 prohibuit,
611 994 767 1050 denuntiata
782 996 811 1058 Ι
803 1011 831 1049 m
846 1004 995 1068 emptorem
1012 994 1117 1060 uendit·

128 1088 306 1153 actoremque
321 1095 408 1153 poena
422 1081 611 1137 sestertiorum
627 1080 830 1152 quinquaginta,
848 1083 853 1143 Ι
870 1094 938 1150 quae
953 1078 1034 1134 hodie
1049 1077 1116 1136 fisco

56 1162 97 1212 tol.
103 1164 128 1212 2.
135 1177 154 1210 r
163 1165 342 1228 uindicatur.

71 1233 115 1282 col.
126 1247 147 1281 a
569 1240 587 1279 ²³²
690 1241 708 1279 '¹‘

226 1327 273 1389 10.
298 1333 301 1395 Ι
316 1360 358 1371 -
373 1362 411 1370 -
428 1359 469 1369 -
484 1360 525 1372 -
546 1334 551 1397 t
576 1321 707 1403 ⁰excepto
729 1331 860 1387 castrensi
883 1336 888 1396 t
911 1329 1017 1403 peculio
1040 1329 1116 1388 hona
1128 1351 1162 1400 [54

163 1433 212 1471 sua
227 1414 362 1478 contierre
377 1413 521 1472 debebunt.
539 1420 543 1478 1

140 1507 153 1547 ⁵
225 1497 266 1556 11.
288 1498 401 1555 Caesare
415 1515 430 1554 a
444 1497 541 1555 liberto
556 1514 607 1553 suo
622 1513 661 1553 ea
676 1510 748 1560 estse
763 1496 863 1553 herede
879 1499 1016 1568 instituto,
1038 1497 1117 1570 ’filiai

165 1575 237 1640 iure⁷
259 1583 291 1638 ad
313 1584 453 1638 semissem
475 1585 611 1649 nolcatur:
638 1597 699 1637 cum
721 1583 856 1637 extraneis
881 1597 948 1636 uero
970 1582 1117 1654 insitituto,

128 1675 155 1716 ¹⁰
164 1666 218 1723 filia
233 1683 265 1722 ex
285 1666 414 1732 ’setmisse
430 1659 526 1721 modo⁸
548 1667 688 1731 extraneis,
707 1670 710 1732 Ι
727 1680 782 1719 uou
803 1669 888 1720 etiam
903 1663 1008 1720 Caesari
1024 1665 1118 1723 adcre-

239 1822 261 1890 ¹)
275 1825 314 1888 Cf.
331 1824 388 1873 Gai.
403 1836 424 1881 4,
440 1835 486 1874 tlt.
508 1822 575 1873 Gall.
592 1823 710 1873 Franelre
724 1824 760 1872 ad
773 1824 833 1889 Dip.
844 1826 883 1874 tit.
898 1826 930 1874 de
943 1825 1031 1874 bered.
1041 1829 1118 1888 petit.

159 1913 187 1962 p.
203 1908 236 1949 so.
294 1892 376 1961 ς)Ε.τ
395 1891 452 1944 δῖ’.
480 1893 512 1942 In
530 1894 587 1943 edd.
607 1907 626 1944 1.
646 1905 666 1944 2.
686 1895 753 1944 banc
772 1911 794 1943 a.
811 1902 872 1958 post
893 1895 995 1944 iudicem
1015 1900 1119 1960 supple·

164 1983 257 2017 aeram.
322 1962 343 2030 8)
364 1965 428 2014 Nam
446 1963 580 2029 Augustus
597 1965 656 2013 dnm
675 1972 787 2014 actorem
805 1981 856 2015 non
873 1967 1046 2028 possidentem
1063 1983 1119 2017 rem

164 2040 304 2103 litigiosam
317 2038 433 2086 alienare
447 2042 523 2092 vetat,
538 2037 642 2084 nonnisi
651 2036 682 2084 de
692 2037 820 2098 praediis,
834 2051 899 2101 quae
910 2038 1023 2100 mancipi
1032 2045 1118 2097 erant,

164 2111 280 2174 cogitare
289 2113 402 2170 poterat,
417 2105 486 2169 qnod
494 2107 569 2153 etiam
579 2120 679 2168 poenae
688 2121 784 2155 summa
793 2108 896 2158 evincit.
919 2105 972 2156 Sed
980 2116 1119 2172 postquam

164 2179 282 2241 emceptio
296 2180 372 2227 etiam
386 2177 421 2224 ad
430 2177 540 2241 pipnori
557 2176 743 2239 bppotbecaeue
761 2177 890 2227 dationem
908 2180 1038 2227 translata
1050 2187 1119 2239 erat,

161 2265 212 2312 per
225 2264 300 2312 qnam
315 2250 423 2297 omnium
433 2262 519 2295 rerum
529 2248 605 2295 etiam
613 2246 741 2296 mobilium
751 2249 850 2297 nomine
860 2251 888 2297 in
898 2263 952 2297 rem
961 2250 1030 2298 actio
1040 2264 1057 2297 a
1066 2265 1119 2301 non

161 2319 309 2400 possidente
328 2318 455 2367 creditori
474 2319 622 2378 comparari
637 2317 802 2382 poterat(L
818 2332 838 2369 1.
858 2321 881 2380 ἕ.
896 2330 917 2368 2.
940 2320 972 2367 D.
992 2334 1056 2382 quae
1075 2335 1121 2371 res

161 2390 235 2453 pipn.
250 2398 290 2443 ao,
304 2386 340 2451 s),
355 2389 445 2435 mirum
459 2401 510 2434 non
529 2392 578 2443 est,
597 2387 664 2449 quod
681 2403 792 2450 rapaces
806 2396 994 2450 procuratores
1007 2404 1121 2461 poenam

166 2473 264 2522 quoque
284 2458 364 2506 edicti
382 2456 418 2504 ad
432 2456 531 2519 fundos
548 2459 636 2504 saltem
652 2460 831 2521 provinciales
849 2463 1045 2509 transtulerant.
1084 2448 1119 2489 ’θ

166 2526 187 2594 ⁴)
207 2529 304 2578 Versus
322 2541 427 2578 naeuus
492 2523 567 2590 5).(Ί[
588 2527 663 2576 Paul.
680 2540 705 2590 1,
724 2531 758 2580 οὗ.
777 2531 800 2591 ἓ.
815 2543 828 2581 2
901 2528 1121 2596 ⁶)Antecedemts

161 2601 243 2663 primi
257 2614 346 2648 uersus
355 2613 444 2662 pauca
458 2599 566 2663 vestipin
579 2606 725 2660 supersunt.
755 2599 958 2651 Praecesserant
977 2616 1037 2651 aero
1052 2609 1119 2666 puio

163 2673 221 2733 fere
235 2670 314 2719 baec:
333 2666 466 2718 ‘Caesaris
483 2668 591 2717 libertus
604 2671 680 2718 etiam
697 2672 782 2720 minor
800 2674 949 2721 centenario
968 2674 1021 2721 siue
1040 2679 1119 2722 testa·

166 2747 248 2789 memo
260 2742 333 2802 facto
346 2741 400 2788 sine
415 2741 534 2788 intestato
548 2740 700 2798 decesserit,
719 2757 775 2790 eum
794 2742 883 2791 liberis
897 2745 953 2792 eius
967 2742 1066 2793 duobus
1079 2745 1121 2794 oel

166 2826 217 2860 ano
231 2812 316 2859 virilis
326 2824 393 2871 pars
408 2809 516 2858 Caesari
528 2809 634 2859 debetur
643 2810 768 2875 liberique
777 2808 820 2860 ei.’
844 2813 882 2875 Cf.
895 2812 952 2862 Gai.
962 2825 984 2876 s,
993 2825 1027 2865 12.
1052 2812 1121 2864 Nam

166 2882 194 2929 in
208 2882 357 2929 centenario
372 2894 500 2929 commune
513 2880 561 2929 boe
576 2881 616 2928 ins
629 2888 687 2929 erat
700 2897 734 2930 ex
748 2885 803 2947 lepe
814 2882 906 2945 Papia,
922 2899 986 2947 qaae
1001 2900 1058 2935 cam
1068 2900 1119 2948 pa·

166 2958 241 2999 trono
255 2956 283 2998 nt
292 2949 401 2998 debitam
410 2949 477 2998 bane
483 2957 585 3012 partem
594 2952 670 2999 etiam
680 2953 804 3002 adversas
813 2954 878 3003 duos
888 2957 1022 3004 naturales
1031 2953 1121 3005 liberti

167 3019 262 3069 liberos
275 3020 461 3083 adscripscrat,
476 3022 678 3082 emancipatione
692 3022 831 3073 liberorum
845 3039 900 3074 eam
914 3027 996 3074 minui
1009 3025 1120 3076 nolebat.

166 3090 352 3153 Emancipatns
366 3092 447 3155 ipitnr
465 3098 490 3140 et
502 3099 616 3153 patrono
634 3099 659 3140 et
671 3108 718 3142 suo
733 3094 894 3178 conferebat,
915 3098 1032 3159 exceptis
1045 3095 1121 3147 torm

167 3161 348 3211 castrensibus.
379 3160 512 3209 Caesarem
526 3176 586 3211 uero
588 3169 707 3224 ,patrem
716 3167 836 3228 patriae,
851 3167 878 3214 in
893 3169 1016 3231 cuiusque
1030 3167 1121 3217 domasa

167 3231 301 3298 Aspasiae
315 3231 402 3281 liberti
415 3231 489 3281 bonis
506 3231 579 3282 boc
570 3247 610 3281 ms
624 3233 754 3297 babuisse,
770 3250 868 3300 exseq.
885 3239 907 3299 ἕ.
923 3237 1059 3300 probabile
1072 3243 1119 3288 eet

169 3302 207 3365 Cf.
222 3302 291 3351 Suet.
309 3303 418 3354 censs.
470 3299 1052 3369 π)1111Οἵ.ῘιΙίιι1111111111111111111111αε1..2
1067 3309 1120 3358 iure

167 3370 357 3439 (accrescendo)
371 3375 429 3423 edd.
443 3371 505 3439 (non
520 3372 581 3438 Kr.)
595 3389 644 3438 quo
658 3376 831 3428 additamento
845 3393 896 3427 non
911 3393 982 3441 opus.
1043 3375 1065 3444 ⁸)
1080 3393 1122 3429 se·

168 3459 265 3509 missem
281 3458 306 3510 G.
327 3462 393 3510 unde
408 3462 493 3525 fuerit
510 3442 646 3514 semissem
662 3461 706 3528 (=
720 3463 810 3529 modo).
839 3465 916 3514 Deest
934 3465 1004 3515 modo
1019 3468 1046 3515 in
1061 3465 1120 3517 edd.

165 3531 242 3578 etiam
256 3546 311 3579 mea
325 3533 416 3582 altera.
