2452 3840
166 180 231 244 642
329 203 434 238 nomen
451 203 559 238 suerum
578 189 610 255 (1)
629 204 727 240 renen.
745 206 780 240 nn
798 205 860 241 mnu
878 205 954 241 ursel.

132 345 159 386 25
231 327 275 387 16.
297 331 349 387 Pro
365 331 407 387 his
423 331 510 402 bonis,
526 349 593 404 quae
605 331 686 389 fiscus
701 335 850 407 iniquietat‚
865 351 958 391 manus
970 332 1121 408 appaioere

54 416 248 470 ›iotis-nemo
272 415 379 486 quidem
401 410 607 488 prohibietur31
628 447 670 456 -
687 447 724 456 -
740 447 782 458 -
806 430 810 476 t
834 447 875 457 -
892 426 928 458 '-
948 448 984 458 —-
1003 449 1040 458 -
1056 428 1118 479 turt

68 485 1118 575 1”()Ῑ·“·------12221(------1111111ι(---“2ρεΙΙιιιιῑΙ---

166 583 335 640 iassiueri
354 585 379 649 t.
877 620 880 627 .

215 742 217 747 Α
231 662 276 723 16.
294 660 449 723 ²Aduooati
459 669 521 739 fisci
537 672 621 724 etiam
637 672 641 733 Ι
657 676 723 738 post
737 671 893 738 depositum
907 668 1024 724 officinm
1038 672 1043 736 (
1056 685 1119 725 een-

95 770 99 777 ·
168 759 215 808 tra
229 754 337 823 fiscum,
353 768 433 824 equo
448 751 777 824 'saletriumoeeeperunu
793 754 847 808 nisi
857 755 891 812 ini
906 758 1003 809 causis
1010 770 1118 824 paren·

169 842 241 905 tum,
265 833 396 905 filiorum,
421 835 426 907 (
449 834 652 907 pupillorumue
674 852 803 906 suorum,
826 853 904 892 eausa
928 840 932 902 Ι
956 836 1119 892 libertorum

133 928 159 969 11
168 913 272 989 etiam‚³
293 918 386 974 adesse
399 917 601 990 prohibentur,
621 921 685 975 etsi
701 920 849 988 adfuerint,
865 916 982 983 iniaimie
997 919 1120 994 plectun-

169 1011 225 1059 tur.
243 998 324 1065 sanet
335 1004 387 1058 hoe
399 1002 536 1075 principaii
546 1001 685 1074 beneficia
695 1014 700 1058 1
709 1005 851 1075 impetrare
859 1020 913 1058 nan
923 1003 1119 1076 prohibeattur.

132 1097 159 1137 so
232 1083 273 1142 17.
297 1081 379 1142 ⁴¹Fisei
395 1085 526 1156 simoenti,
543 1090 547 1152 Ι
564 1085 661 1158 quibus
677 1086 708 1140 ad
725 1096 832 1159 tempus
849 1088 973 1158 efficium
991 1093 995 1157 (
1012 1087 1119 1142 mande·

168 1180 225 1226 tum
241 1179 296 1238 est,
321 1171 381 1241 quia
396 1169 532 1240 saleriium
547 1186 601 1226 nan
617 1171 761 1242 accipiunt,
778 1174 782 1231 Ι
805 1180 899 1226 contre
913 1169 1008 1226 fiscum
1024 1172 1117 1226 edesse
1128 1189 1186 1236 [aaa]

168 1272 222 1310 non
237 1254 431 1326 prohibentur.

133 1342 159 1383 25
231 1334 276 1394 18.
306 1338 396 1409 Capite
424 1333 515 1409 ’leigis
538 1330 696 1392 censoriae⁵
720 1345 851 1408 cauetur,
880 1347 910 1393 ut
931 1355 985 1394 non
1008 1345 1121 1405 tanturn,

78 1420 230 1478 coli-oum
253 1421 316 1494 quid
340 1426 344 1486 Ι
367 1423 438 1492 fiseo
460 1421 607 1493 aufertur,
631 1422 729 1476 sedet
752 1438 815 1477 eum
837 1414 909 1477 non6
933 1427 937 1486 Ι
957 1431 1118 1494 praestatur,

169 1508 245 1562 cuias
268 1506 305 1560 rei
329 1507 436 1565 omistse
457 1497 609 1577 professio²
627 1506 779 1568 sommistso
799 1499 886 1561 intra8
908 1507 1120 1572 ouinquennium

243 1776 263 1843 ¹)
283 1779 341 1827 Vid.
354 1778 469 1840 praefat.
496 1777 566 1837 Quae
579 1785 729 1841 sequuntur,
744 1779 802 1827 edd.
817 1790 836 1830 1.
852 1789 872 1828 2.
888 1794 922 1827 eae
937 1778 1043 1835 Ponit,
1054 1791 1087 1836 12,
1098 1791 1118 1830 t.

170 1853 197 1900 in
212 1865 266 1900 eam
280 1851 430 1898 sententiam
443 1851 580 1897 restituere
594 1856 764 1898 tentaveram:
777 1851 857 1897 tutius
871 1857 953 1897 tamen
963 1856 1118 1912 preourato-

169 1937 223 1970 rem
237 1921 321 1977 odiri,
336 1926 364 1968 ut
377 1921 401 1968 is
415 1921 550 1976 iniuriam,
566 1935 639 1982 quam
656 1919 808 1968 Caesariani
822 1921 1016 1977 committerent,
1032 1922 1119 1982 carpei-

170 1995 242 2041 ieret.
274 1989 343 2050 Quae
358 1996 385 2038 ut
398 2005 460 2038 uera
474 1992 516 2046 sit,
531 2005 599 2038 nane
613 2004 647 2037 em
663 1988 719 2038 0¹⁰.
735 2004 799 2053 quae
814 1991 880 2038 lecta
894 1997 961 2046 sunt,
974 2005 1119 2053 proponere

169 2063 256 2111 malui.
322 2057 341 2124 ἵ)
357 2059 443 2107 Etiam'
456 2060 525 2108 nano
538 2062 562 2120 ξ.
576 2066 673 2108 mutata
687 2060 725 2108 ed.
742 2073 761 2109 1.
776 2071 796 2109 2.
812 2075 881 2108 nuno
894 2075 929 2108 em
944 2057 1120 2109 0111101111

169 2133 285 2188 restitui,
304 2130 453 2194 quibusdam
468 2146 484 2177 a
498 2129 547 2177 Kr.
561 2132 716 2179 monstratis.
748 2129 879 2178 Caeterum
893 2130 927 2193 ef.
943 2129 974 2178 L.
990 2141 1022 2180 10.
1041 2130 1073 2178 D.
1088 2131 1120 2179 de

166 2205 261 2266 pastui.
277 2199 355 2265 (2,1).
375 2216 430 2249 oum
448 2201 528 2249 sohel.
551 2200 720 2249 Thateiaeano
740 2202 775 2249 ad
792 2199 997 2258 Basii.8,1,³6.
1016 2200 1047 2248 L.
1064 2213 1083 2250 1.
1098 2212 1119 2251 2.

172 2273 197 2322 0.
213 2273 244 2321 de
258 2273 348 2320 aduae.
361 2272 422 2332 fisci
434 2267 466 2335 (2,
480 2269 511 2335 e).
526 2270 558 2318 L.
569 2283 602 2321 1e.
617 2270 649 2318 L.
660 2281 693 2319 22.
708 2272 731 2331 §-
747 2283 767 2319 1.
782 2270 814 2318 L.
824 2283 857 2320 24.
873 2273 895 2331 ξ.
907 2283 927 2320 1.
944 2270 969 2318 0.
984 2272 1016 2319 de
1030 2271 1119 2320 aduae.

170 2343 221 2391 diu.
238 2343 290 2389 iud.
307 2340 337 2405 (2,
352 2339 374 2403 t)
389 2348 414 2388 et
423 2342 538 2402 praefat.
598 2337 618 2404 8)
633 2342 726 2388 salaria
741 2338 786 2403 (ef.
802 2342 825 2400 ξ.
840 2340 875 2403 11)
891 2347 915 2388 et
929 2341 1021 2388 deinde
1035 2342 1080 2388 nisi
1096 2342 1119 2388 in

169 2414 225 2462 suis
243 2413 285 2459 nel
298 2417 433 2472 parentum
451 2411 466 2456 i.
487 2424 510 2472 p.
532 2423 633 2458 suerum
654 2425 738 2466 eausa,
760 2409 897 2457 libertorum
919 2411 989 2458 etium
1010 2412 1049 2459 ed.
1069 2411 1118 2459 Kr.

166 2484 266 2546 partim
279 2482 359 2529 inuito
375 2477 432 2528 0¹⁰.
447 2495 493 2528 nee
508 2481 535 2528 in
549 2494 596 2528 suo
611 2495 691 2529 eausa
705 2481 845 2528 advocatus
860 2481 917 2542 quis
926 2481 1016 2529 adesse
1025 2488 1118 2543 potest.

171 2550 193 2618 ⁴)
210 2553 247 2615 Cf.
258 2552 290 2600 L.
301 2564 321 2601 1.
339 2551 363 2600 C.
379 2551 411 2599 de
424 2551 513 2600 adone.
525 2552 582 2613 lise.
592 2548 624 2614 (2,
633 2548 664 2615 8).
712 2548 732 2614 5)
742 2550 891 2608 Domitiani,
901 2558 929 2599 ut
938 2553 1038 2613 opinor,
1048 2567 1120 2614 quem

171 2624 240 2672 Piin.
253 2639 314 2686 pan.
328 2634 362 2672 40.
381 2629 498 2684 spectare
517 2623 625 2670 uidetur.
691 2618 711 2683 ⁶)
726 2620 771 2670 Sic
789 2623 902 2684 primum
920 2637 1020 2670 uersum
1034 2624 1081 2671 eol.
1096 2621 1119 2671 b.

170 2696 273 2744 collatis
287 2710 308 2742 u.
325 2704 344 2742 1.
359 2703 379 2743 8.
394 2694 505 2749 restitui,
516 2699 651 2754 postquam
665 2693 795 2753 apparuit,
809 2707 899 2740 uersus
908 2694 1001 2755 uipinti
1010 2694 1120 2755 quinque

171 2778 294 2828 quamque
309 2765 449 2811 columnam
463 2762 589 2810 habuisse.
613 2760 742 2824 Scriptum
749 2761 833 2823 fuerit
842 2763 900 2810 iisco
911 2763 994 2810 euiert’
1004 2763 1024 2808 s'
1035 2770 1058 2809 et
1066 2765 1086 2809 e'
1094 2766 1118 2811 ri.

170 2833 224 2883 Sed
243 2835 319 2882 etiam
340 2835 367 2880 in
388 2831 550 2895 sequentibus
570 2832 736 2880 aestimandis
756 2838 780 2879 et
800 2833 978 2888 restituendis,
1000 2831 1048 2880 itae
1069 2848 1120 2882 non

172 2911 299 2965 comperto
313 2909 338 2951 et
351 2909 410 2950 ante
426 2900 482 2950 GK'.
498 2908 635 2951 commenta
649 2905 689 2950 uei
707 2908 803 2950 tentata
822 2903 901 2950 irrita
917 2903 1031 2963 fuerunt.
1062 2898 1120 2951 ‘nen

171 2981 261 3022 tantum
276 2987 329 3021 etim
340 2973 396 3035 quid
413 2976 417 3031 l
432 2981 574 3034 praestatur,
585 2972 652 3020 cuius
667 2972 808 3029 reiomislsa
819 2973 936 3036 professio
948 2973 1039 3036 fuerit,
1055 2976 1120 3023 aetio

171 3040 304 3093 commisisi
318 3043 378 3090 intra
393 3043 577 3105 quinquennium
591 3042 668 3090 lacum
684 3047 688 3101 1
705 3042 797 3091 habeat
808 3044 855 3091 sed
868 3044 899 3092 et'
913 3043 1018 3092 Laeltm.
1033 3050 1058 3090 et
1071 3042 1120 3107 Bp.

171 3116 229 3164 edd.
245 3110 306 3161 ‘tum
321 3120 418 3170 tentum,
433 3129 454 3161 e.
465 3129 487 3176 q.
499 3129 521 3175 p.
533 3129 553 3161 e.
569 3127 588 3160 r.
604 3127 626 3161 ο.
641 3114 758 3175 professio
774 3114 835 3161 intra
849 3114 993 3170 commisisis
1008 3119 1121 3162 statutum

171 3184 356 3250 quinquennium
370 3184 448 3232 laeum
459 3187 522 3244 fiseo
537 3180 592 3231 dat’
609 3199 663 3231 mea
677 3185 715 3233 ed.
732 3196 751 3233 1.
766 3185 872 3233 landate
887 3184 953 3233 libro
968 3200 997 3233 m.
1012 3180 1122 3232 ‘Census

171 3274 196 3305 u.
216 3255 372 3317 Steueroers.
393 3255 417 3302 d.
437 3250 568 3302 Kaiserz.’
585 3269 613 3316 p.
628 3266 674 3304 194.
694 3269 717 3302 n.
736 3260 755 3301 t.
772 3244 829 3316 c.'q.
848 3270 871 3317 p.
892 3255 958 3302 enius
977 3255 1013 3301 rei
1032 3255 1121 3302 omissa

171 3327 289 3390 professio
305 3324 356 3390 (sit,
370 3326 417 3373 sed
430 3319 533 3389 etcum)
544 3324 664 3372 commissi
679 3339 755 3386 poena
770 3325 832 3373 intra
846 3325 1029 3387 quinquennium
1043 3325 1122 3373 iocum

172 3397 203 3446 ob
218 3398 246 3445 id
260 3396 341 3445 liabet'
357 3397 395 3444 ed.
411 3408 431 3445 2.
484 3392 504 3461 ⁷)
522 3393 591 3454 Quae
604 3395 647 3444 irie
662 3397 688 3442 in
705 3392 762 3442 GKV.
777 3397 893 3457 sequitur
906 3410 927 3441 u.
944 3394 1004 3441 intre
1019 3393 1051 3442 ab
1065 3397 1122 3458 ipso

171 3466 282 3516 librario
296 3468 335 3515 vei
349 3474 497 3516 correctore
511 3473 640 3528 eapuneta
654 3472 697 3513 est.
750 3462 771 3528 ⁸)
785 3479 819 3512 em
830 3464 978 3512 Mommseni
987 3466 1019 3527 φ’.
1031 3466 1123 3514 literae

125 3545 143 3575 '-
170 3551 212 3586 -eo
226 3539 264 3585 in·
272 3539 455 3599 perforatione
466 3537 528 3598 felii
537 3538 680 3599 perierunt.
