<?xml version="1.0" encoding="UTF-8"?>
<!DOCTYPE html PUBLIC "-//W3C//DTD XHTML 1.0 Transitional//EN"
    "http://www.w3.org/TR/xhtml1/DTD/xhtml1-transitional.dtd">
<html xmlns="http://www.w3.org/1999/xhtml" xml:lang="en" lang="en">
 <head>
  <title>
</title>
<meta http-equiv="Content-Type" content="text/html;charset=utf-8" />
  <meta name='ocr-system' content='tesseract 3.04.00' />
  <meta name='ocr-capabilities' content='ocr_page ocr_carea ocr_par ocr_line ocrx_word'/>
</head>
<body>
  <div class='ocr_page' id='page_1' title='image "./domitiivlpianiq01huscgoog/domitiivlpianiq01huscgoog_0024.png"; bbox 0 0 2452 3840; ppageno 0'>
   <div class='ocr_carea' id='block_1_1' title="bbox 276 170 1062 235">
    <p class='ocr_par' dir='ltr' id='par_1_1' title="bbox 276 170 1062 235">
     <span class='ocr_line' id='line_1_1' title="bbox 276 170 1062 235; baseline 0.006 -12"><span class='ocrx_word' id='word_1_1' title='bbox 276 188 382 224; x_wconf 76' lang='lat' dir='ltr'><strong>nomen</strong></span> <span class='ocrx_word' id='word_1_2' title='bbox 401 188 507 225; x_wconf 73' lang='lat' dir='ltr'><strong>vorreur</strong></span> <span class='ocrx_word' id='word_1_3' title='bbox 525 189 622 225; x_wconf 74' lang='lat' dir='ltr'><strong>nuncu.</strong></span> <span class='ocrx_word' id='word_1_4' title='bbox 642 171 688 226; x_wconf 89' lang='lat' dir='ltr'><strong>VI.</strong></span> <span class='ocrx_word' id='word_1_5' title='bbox 710 171 846 226; x_wconf 82' lang='lat' dir='ltr'>14.-V11.</span> <span class='ocrx_word' id='word_1_6' title='bbox 866 177 891 225; x_wconf 87' lang='grc'><strong>3.</strong></span> <span class='ocrx_word' id='word_1_7' title='bbox 999 170 1062 235; x_wconf 78' lang='grc'><strong>579</strong></span> 
     </span>
    </p>
   </div>
   <div class='ocr_carea' id='block_1_2' title="bbox 40 315 1066 1479">
    <p class='ocr_par' dir='ltr' id='par_1_2' title="bbox 110 315 1064 391">
     <span class='ocr_line' id='line_1_2' title="bbox 110 315 1064 391; baseline 0.001 -17"><span class='ocrx_word' id='word_1_8' title='bbox 110 321 147 374; x_wconf 86' lang='lat' dir='ltr'><strong>ita</strong></span> <span class='ocrx_word' id='word_1_9' title='bbox 168 315 220 390; x_wconf 85' lang='lat' dir='ltr'><strong>(ut)</strong></span> <span class='ocrx_word' id='word_1_10' title='bbox 246 326 359 390; x_wconf 91' lang='lat' dir='ltr'><strong>propter</strong></span> <span class='ocrx_word' id='word_1_11' title='bbox 387 319 500 373; x_wconf 90' lang='lat' dir='ltr'><strong>maiores</strong></span> <span class='ocrx_word' id='word_1_12' title='bbox 528 335 617 374; x_wconf 84' lang='lat' dir='ltr'><strong>mores</strong></span> <span class='ocrx_word' id='word_1_13' title='bbox 646 325 814 391; x_wconf 78' lang='lat' dir='ltr'><strong>praesentem</strong></span> <span class='ocrx_word' id='word_1_14' title='bbox 843 318 934 375; x_wconf 90' lang='lat' dir='ltr'><strong>dotem</strong></span> <span class='ocrx_word' id='word_1_15' title='bbox 961 319 1064 388; x_wconf 85' lang='lat' dir='ltr'><strong>reddat,</strong></span> 
     </span>
    </p>

    <p class='ocr_par' dir='ltr' id='par_1_3' title="bbox 40 402 1064 709">
     <span class='ocr_line' id='line_1_3' title="bbox 40 402 1064 476; baseline -0.001 -16"><span class='ocrx_word' id='word_1_16' title='bbox 40 410 223 476; x_wconf 71' lang='lat' dir='ltr'><strong>[marpropter</strong></span> <span class='ocrx_word' id='word_1_17' title='bbox 246 403 363 458; x_wconf 89' lang='lat' dir='ltr'><strong>minores</strong></span> <span class='ocrx_word' id='word_1_18' title='bbox 392 418 486 458; x_wconf 90' lang='lat' dir='ltr'><strong>senum</strong></span> <span class='ocrx_word' id='word_1_19' title='bbox 515 419 636 458; x_wconf 87' lang='lat' dir='ltr'><strong>mensum</strong></span> <span class='ocrx_word' id='word_1_20' title='bbox 662 402 713 458; x_wconf 89' lang='lat' dir='ltr'><strong>die.</strong></span> <span class='ocrx_word' id='word_1_21' title='bbox 758 404 838 459; x_wconf 90' lang='lat' dir='ltr'><strong>inea</strong></span> <span class='ocrx_word' id='word_1_22' title='bbox 862 410 967 473; x_wconf 90' lang='lat' dir='ltr'><strong>autem,</strong></span> <span class='ocrx_word' id='word_1_23' title='bbox 995 419 1064 476; x_wconf 89' lang='lat' dir='ltr'><strong>quae</strong></span> 
     </span>
     <span class='ocr_line' id='line_1_4' title="bbox 109 484 1064 559; baseline 0.002 -18"><span class='ocrx_word' id='word_1_24' title='bbox 109 502 236 559; x_wconf 82' lang='lat' dir='ltr'><strong>praesens</strong></span> <span class='ocrx_word' id='word_1_25' title='bbox 259 484 334 540; x_wconf 83' lang='lat' dir='ltr'><strong>reddi</strong></span> <span class='ocrx_word' id='word_1_26' title='bbox 358 485 444 553; x_wconf 78' lang='lat' dir='ltr'><strong>solet,</strong></span> <span class='ocrx_word' id='word_1_27' title='bbox 474 493 577 543; x_wconf 89' lang='lat' dir='ltr'><strong>tuntum</strong></span> <span class='ocrx_word' id='word_1_28' title='bbox 600 504 630 542; x_wconf 82' lang='lat' dir='ltr'><strong>ex</strong></span> <span class='ocrx_word' id='word_1_29' title='bbox 653 485 786 543; x_wconf 79' lang='lat' dir='ltr'><strong>fructibus</strong></span> <span class='ocrx_word' id='word_1_30' title='bbox 808 486 917 543; x_wconf 89' lang='lat' dir='ltr'><strong>iubetur</strong></span> <span class='ocrx_word' id='word_1_31' title='bbox 939 486 1064 558; x_wconf 85' lang='lat' dir='ltr'><strong>reddere,</strong></span> 
     </span>
     <span class='ocr_line' id='line_1_5' title="bbox 110 568 1064 644; baseline -0.001 -18"><span class='ocrx_word' id='word_1_32' title='bbox 110 578 240 643; x_wconf 85' lang='lat' dir='ltr'><strong>quantum</strong></span> <span class='ocrx_word' id='word_1_33' title='bbox 262 570 289 625; x_wconf 90' lang='lat' dir='ltr'><strong>in</strong></span> <span class='ocrx_word' id='word_1_34' title='bbox 305 568 351 624; x_wconf 85' lang='lat' dir='ltr'><strong>illu</strong></span> <span class='ocrx_word' id='word_1_35' title='bbox 373 569 455 641; x_wconf 87' lang='lat' dir='ltr'><strong>dote,</strong></span> <span class='ocrx_word' id='word_1_36' title='bbox 478 586 549 643; x_wconf 84' lang='lat' dir='ltr'><strong>quae</strong></span> <span class='ocrx_word' id='word_1_37' title='bbox 571 571 685 627; x_wconf 85' lang='lat' dir='ltr'><strong>triennio</strong></span> <span class='ocrx_word' id='word_1_38' title='bbox 701 570 836 636; x_wconf 79' lang='lat' dir='ltr'><strong>redditur,</strong></span> <span class='ocrx_word' id='word_1_39' title='bbox 859 571 1064 644; x_wconf 87' lang='lat' dir='ltr'><strong>&#39;repraesenta-</strong></span> 
     </span>
     <span class='ocr_line' id='line_1_6' title="bbox 109 647 258 709; baseline -0.007 0"><span class='ocrx_word' id='word_1_40' title='bbox 109 647 166 709; x_wconf 92' lang='lat' dir='ltr'><strong>tio¹</strong></span> <span class='ocrx_word' id='word_1_41' title='bbox 182 653 258 709; x_wconf 85' lang='lat' dir='ltr'><strong>iacit.</strong></span> 
     </span>
    </p>

    <p class='ocr_par' dir='ltr' id='par_1_4' title="bbox 108 730 1066 1479">
     <span class='ocr_line' id='line_1_7' title="bbox 164 730 1065 810; baseline 0 -17"><span class='ocrx_word' id='word_1_42' title='bbox 164 734 209 798; x_wconf 83' lang='lat'><strong>14.</strong></span> <span class='ocrx_word' id='word_1_43' title='bbox 239 730 442 810; x_wconf 84' lang='lat' dir='ltr'><strong>²Impensarum</strong></span> <span class='ocrx_word' id='word_1_44' title='bbox 458 738 561 810; x_wconf 88' lang='lat' dir='ltr'><strong>speeies</strong></span> <span class='ocrx_word' id='word_1_45' title='bbox 576 744 641 794; x_wconf 87' lang='lat' dir='ltr'><strong>sunt</strong></span> <span class='ocrx_word' id='word_1_46' title='bbox 658 745 731 794; x_wconf 90' lang='lat' dir='ltr'><strong>tres:</strong></span> <span class='ocrx_word' id='word_1_47' title='bbox 752 746 799 793; x_wconf 90' lang='lat' dir='ltr'><strong>aut</strong></span> <span class='ocrx_word' id='word_1_48' title='bbox 814 740 884 795; x_wconf 88' lang='lat' dir='ltr'><strong>euim</strong></span> <span class='ocrx_word' id='word_1_49' title='bbox 899 739 1065 794; x_wconf 78' lang='lat' dir='ltr'><strong>necessariae</strong></span> 
     </span>
     <span class='ocr_line' id='line_1_8' title="bbox 110 817 1065 893; baseline 0.001 -17"><span class='ocrx_word' id='word_1_50' title='bbox 110 820 249 892; x_wconf 87' lang='lat' dir='ltr'><strong>dicuntur,</strong></span> <span class='ocrx_word' id='word_1_51' title='bbox 271 828 317 877; x_wconf 85' lang='lat' dir='ltr'><strong>aut</strong></span> <span class='ocrx_word' id='word_1_52' title='bbox 339 820 436 890; x_wconf 85' lang='lat' dir='ltr'><strong>ruiies,</strong></span> <span class='ocrx_word' id='word_1_53' title='bbox 460 831 505 875; x_wconf 84' lang='lat' dir='ltr'><strong>aut</strong></span> <span class='ocrx_word' id='word_1_54' title='bbox 520 819 713 893; x_wconf 89' lang='lat' dir='ltr'><strong>uoluptuosue.</strong></span> <span class='ocrx_word' id='word_1_55' title='bbox 750 817 792 878; x_wconf 83' lang='lat'><strong>15.</strong></span> <span class='ocrx_word' id='word_1_56' title='bbox 816 822 986 879; x_wconf 77' lang='lat' dir='ltr'><strong>Necessariae</strong></span> <span class='ocrx_word' id='word_1_57' title='bbox 1001 829 1065 877; x_wconf 90' lang='lat' dir='ltr'><strong>suut</strong></span> 
     </span>
     <span class='ocr_line' id='line_1_9' title="bbox 111 903 1065 978; baseline 0.001 -19"><span class='ocrx_word' id='word_1_58' title='bbox 111 904 269 978; x_wconf 84' lang='lat' dir='ltr'><strong>impensae,</strong></span> <span class='ocrx_word' id='word_1_59' title='bbox 290 903 386 976; x_wconf 88' lang='lat' dir='ltr'><strong>quibus</strong></span> <span class='ocrx_word' id='word_1_60' title='bbox 402 920 456 960; x_wconf 94' lang='lat' dir='ltr'><strong>uon</strong></span> <span class='ocrx_word' id='word_1_61' title='bbox 472 904 549 961; x_wconf 88' lang='lat' dir='ltr'><strong>iactis</strong></span> <span class='ocrx_word' id='word_1_62' title='bbox 564 905 616 962; x_wconf 90' lang='lat' dir='ltr'><strong>dos</strong></span> <span class='ocrx_word' id='word_1_63' title='bbox 631 905 749 962; x_wconf 84' lang='lat' dir='ltr'><strong>deterior</strong></span> <span class='ocrx_word' id='word_1_64' title='bbox 764 905 855 961; x_wconf 85' lang='lat' dir='ltr'><strong>futura</strong></span> <span class='ocrx_word' id='word_1_65' title='bbox 871 913 929 977; x_wconf 87' lang='lat' dir='ltr'><strong>est,</strong></span> <span class='ocrx_word' id='word_1_66' title='bbox 951 905 1026 962; x_wconf 90' lang='lat' dir='ltr'><strong>uelut</strong></span> <span class='ocrx_word' id='word_1_67' title='bbox 1041 907 1065 960; x_wconf 91' lang='lat' dir='ltr'><strong>si</strong></span> 
     </span>
     <span class='ocr_line' id='line_1_10' title="bbox 111 987 1065 1062; baseline 0.003 -21"><span class='ocrx_word' id='word_1_68' title='bbox 111 990 172 1061; x_wconf 91' lang='lat' dir='ltr'><strong>quis</strong></span> <span class='ocrx_word' id='word_1_69' title='bbox 193 989 318 1062; x_wconf 84' lang='lat' dir='ltr'><strong>ruinosas</strong></span> <span class='ocrx_word' id='word_1_70' title='bbox 339 987 418 1043; x_wconf 81' lang='lat' dir='ltr'><strong>aedes</strong></span> <span class='ocrx_word' id='word_1_71' title='bbox 440 989 573 1045; x_wconf 82' lang='lat' dir='ltr'><strong>refecerit.</strong></span> <span class='ocrx_word' id='word_1_72' title='bbox 617 987 659 1047; x_wconf 87' lang='lat'><strong>16.</strong></span> <span class='ocrx_word' id='word_1_73' title='bbox 685 989 767 1045; x_wconf 85' lang='lat' dir='ltr'><strong>Vtiles</strong></span> <span class='ocrx_word' id='word_1_74' title='bbox 788 998 866 1058; x_wconf 89' lang='lat' dir='ltr'><strong>suut,</strong></span> <span class='ocrx_word' id='word_1_75' title='bbox 890 988 987 1062; x_wconf 88' lang='lat' dir='ltr'><strong>quihus</strong></span> <span class='ocrx_word' id='word_1_76' title='bbox 1009 1005 1065 1046; x_wconf 92' lang='lat' dir='ltr'><strong>nou</strong></span> 
     </span>
     <span class='ocr_line' id='line_1_11' title="bbox 111 1072 1065 1145; baseline 0.001 -19"><span class='ocrx_word' id='word_1_77' title='bbox 111 1072 187 1128; x_wconf 85' lang='lat' dir='ltr'><strong>iactis</strong></span> <span class='ocrx_word' id='word_1_78' title='bbox 218 1072 324 1145; x_wconf 89' lang='lat' dir='ltr'><strong>quidem</strong></span> <span class='ocrx_word' id='word_1_79' title='bbox 355 1072 473 1128; x_wconf 84' lang='lat' dir='ltr'><strong>deterior</strong></span> <span class='ocrx_word' id='word_1_80' title='bbox 502 1073 554 1130; x_wconf 87' lang='lat' dir='ltr'><strong>dos</strong></span> <span class='ocrx_word' id='word_1_81' title='bbox 583 1089 637 1129; x_wconf 93' lang='lat' dir='ltr'><strong>nou</strong></span> <span class='ocrx_word' id='word_1_82' title='bbox 666 1073 762 1145; x_wconf 85' lang='lat' dir='ltr'><strong>suerit,</strong></span> <span class='ocrx_word' id='word_1_83' title='bbox 792 1073 870 1129; x_wconf 86' lang='lat' dir='ltr'><strong>iactis</strong></span> <span class='ocrx_word' id='word_1_84' title='bbox 898 1082 986 1129; x_wconf 86' lang='lat' dir='ltr'><strong>autem</strong></span> <span class='ocrx_word' id='word_1_85' title='bbox 1010 1072 1065 1127; x_wconf 85' lang='lat' dir='ltr'><strong>iru-</strong></span> 
     </span>
     <span class='ocr_line' id='line_1_12' title="bbox 110 1152 1064 1230; baseline 0.003 -20"><span class='ocrx_word' id='word_1_86' title='bbox 110 1157 234 1212; x_wconf 91' lang='lat' dir='ltr'><strong>ctuosior</strong></span> <span class='ocrx_word' id='word_1_87' title='bbox 249 1154 341 1211; x_wconf 82' lang='lat' dir='ltr'><strong>effecta</strong></span> <span class='ocrx_word' id='word_1_88' title='bbox 357 1165 415 1227; x_wconf 87' lang='lat' dir='ltr'><strong>est,</strong></span> <span class='ocrx_word' id='word_1_89' title='bbox 438 1156 523 1212; x_wconf 87' lang='lat' dir='ltr'><strong>ueluti</strong></span> <span class='ocrx_word' id='word_1_90' title='bbox 538 1158 561 1212; x_wconf 95' lang='lat' dir='ltr'><strong>si</strong></span> <span class='ocrx_word' id='word_1_91' title='bbox 576 1152 674 1230; x_wconf 63' lang='lat' dir='ltr'><strong>&#39;iunii&#39;</strong></span> <span class='ocrx_word' id='word_1_92' title='bbox 695 1158 786 1214; x_wconf 80' lang='lat' dir='ltr'><strong>uineta</strong></span> <span class='ocrx_word' id='word_1_93' title='bbox 801 1165 829 1213; x_wconf 83' lang='lat' dir='ltr'><strong>et</strong></span> <span class='ocrx_word' id='word_1_94' title='bbox 845 1157 944 1214; x_wconf 88' lang='lat' dir='ltr'><strong>oliueta</strong></span> <span class='ocrx_word' id='word_1_95' title='bbox 960 1155 1064 1213; x_wconf 87' lang='lat' dir='ltr'><strong>iecerit.</strong></span> 
     </span>
     <span class='ocr_line' id='line_1_13' title="bbox 108 1234 1066 1313; baseline 0.002 -18"><span class='ocrx_word' id='word_1_96' title='bbox 108 1234 151 1296; x_wconf 78' lang='lat'><strong>17.</strong></span> <span class='ocrx_word' id='word_1_97' title='bbox 175 1239 364 1312; x_wconf 87' lang='lat' dir='ltr'><strong>Voiuptuosae</strong></span> <span class='ocrx_word' id='word_1_98' title='bbox 392 1249 472 1310; x_wconf 86' lang='lat' dir='ltr'><strong>sunt,</strong></span> <span class='ocrx_word' id='word_1_99' title='bbox 502 1241 598 1313; x_wconf 90' lang='lat' dir='ltr'><strong>quibus</strong></span> <span class='ocrx_word' id='word_1_100' title='bbox 626 1256 713 1313; x_wconf 83' lang='lat' dir='ltr'><strong>neque</strong></span> <span class='ocrx_word' id='word_1_101' title='bbox 736 1241 842 1298; x_wconf 91' lang='lat' dir='ltr'><strong>omissis</strong></span> <span class='ocrx_word' id='word_1_102' title='bbox 870 1242 990 1298; x_wconf 86' lang='lat' dir='ltr'><strong>deterior</strong></span> <span class='ocrx_word' id='word_1_103' title='bbox 1015 1239 1066 1297; x_wconf 87' lang='lat' dir='ltr'><strong>dos</strong></span> 
     </span>
     <span class='ocr_line' id='line_1_14' title="bbox 110 1317 1066 1398; baseline 0.001 -21"><span class='ocrx_word' id='word_1_104' title='bbox 110 1317 233 1394; x_wconf 60' lang='lat' dir='ltr'><strong>’inerret</strong></span> <span class='ocrx_word' id='word_1_105' title='bbox 255 1339 343 1397; x_wconf 88' lang='lat' dir='ltr'><strong>neque</strong></span> <span class='ocrx_word' id='word_1_106' title='bbox 367 1323 442 1379; x_wconf 84' lang='lat' dir='ltr'><strong>iactis</strong></span> <span class='ocrx_word' id='word_1_107' title='bbox 464 1324 633 1381; x_wconf 83' lang='lat' dir='ltr'><strong>fructuosior</strong></span> <span class='ocrx_word' id='word_1_108' title='bbox 650 1325 744 1380; x_wconf 81' lang='lat' dir='ltr'><strong>effecta</strong></span> <span class='ocrx_word' id='word_1_109' title='bbox 760 1334 816 1392; x_wconf 81' lang='lat' dir='ltr'><strong>est3</strong></span> <span class='ocrx_word' id='word_1_110' title='bbox 841 1327 916 1398; x_wconf 83' lang='lat' dir='ltr'><strong>quod</strong></span> <span class='ocrx_word' id='word_1_111' title='bbox 932 1325 1023 1381; x_wconf 88' lang='lat' dir='ltr'><strong>euenit</strong></span> <span class='ocrx_word' id='word_1_112' title='bbox 1037 1325 1066 1379; x_wconf 90' lang='lat' dir='ltr'><strong>in</strong></span> 
     </span>
     <span class='ocr_line' id='line_1_15' title="bbox 111 1403 849 1479; baseline 0.005 -18"><span class='ocrx_word' id='word_1_113' title='bbox 111 1407 255 1461; x_wconf 89' lang='lat' dir='ltr'><strong>uiridiariis</strong></span> <span class='ocrx_word' id='word_1_114' title='bbox 271 1416 298 1461; x_wconf 86' lang='lat' dir='ltr'><strong>et</strong></span> <span class='ocrx_word' id='word_1_115' title='bbox 314 1407 428 1479; x_wconf 86' lang='lat' dir='ltr'><strong>picturis</strong></span> <span class='ocrx_word' id='word_1_116' title='bbox 444 1406 626 1479; x_wconf 87' lang='lat' dir='ltr'><strong>similibusque</strong></span> <span class='ocrx_word' id='word_1_117' title='bbox 643 1408 733 1464; x_wconf 86' lang='lat' dir='ltr'><strong>rebus.</strong></span> <span class='ocrx_word' id='word_1_118' title='bbox 750 1403 849 1465; x_wconf 70' lang='lat' dir='ltr'><strong>aaa⁵</strong></span> 
     </span>
    </p>
   </div>
   <div class='ocr_carea' id='block_1_3' title="bbox 112 1524 1065 1593">
    <p class='ocr_par' dir='ltr' id='par_1_5' title="bbox 112 1524 1065 1593">
     <span class='ocr_line' id='line_1_16' title="bbox 112 1524 1065 1593; baseline 0.001 -4"><span class='ocrx_word' id='word_1_119' title='bbox 112 1524 190 1591; x_wconf 71' lang='lat'><strong>6&#39;1¹1‘1&#39;.</strong></span> <span class='ocrx_word' id='word_1_120' title='bbox 206 1548 261 1591; x_wconf 90' lang='lat' dir='ltr'>v11.</span> <span class='ocrx_word' id='word_1_121' title='bbox 287 1547 330 1588; x_wconf 78' lang='lat' dir='ltr'><strong>Du</strong></span> <span class='ocrx_word' id='word_1_122' title='bbox 346 1547 418 1589; x_wconf 78' lang='lat' dir='ltr'>IVRE</span> <span class='ocrx_word' id='word_1_123' title='bbox 434 1547 639 1591; x_wconf 79' lang='lat' dir='ltr'><strong>DONATIONVM</strong></span> <span class='ocrx_word' id='word_1_124' title='bbox 654 1551 749 1591; x_wconf 80' lang='lat' dir='ltr'>INTER</span> <span class='ocrx_word' id='word_1_125' title='bbox 763 1551 861 1593; x_wconf 81' lang='lat' dir='ltr'>VIRVM</span> <span class='ocrx_word' id='word_1_126' title='bbox 875 1552 914 1592; x_wconf 77' lang='grc' dir='ltr'><strong>ΕΤ</strong></span> <span class='ocrx_word' id='word_1_127' title='bbox 929 1549 1065 1593; x_wconf 79' lang='lat' dir='ltr'>VXOREM.</span> 
     </span>
    </p>
   </div>
   <div class='ocr_carea' id='block_1_4' title="bbox 111 1627 1165 2443">
    <p class='ocr_par' dir='ltr' id='par_1_6' title="bbox 111 1627 1165 2041">
     <span class='ocr_line' id='line_1_17' title="bbox 172 1627 1065 1707; baseline 0 -16"><span class='ocrx_word' id='word_1_128' title='bbox 172 1631 197 1693; x_wconf 90' lang='grc'>1.</span> <span class='ocrx_word' id='word_1_129' title='bbox 221 1627 314 1691; x_wconf 88' lang='lat' dir='ltr'><strong>⁷1nter</strong></span> <span class='ocrx_word' id='word_1_130' title='bbox 336 1636 422 1689; x_wconf 91' lang='lat' dir='ltr'><strong>uirum</strong></span> <span class='ocrx_word' id='word_1_131' title='bbox 438 1644 466 1690; x_wconf 89' lang='lat' dir='ltr'><strong>et</strong></span> <span class='ocrx_word' id='word_1_132' title='bbox 482 1651 592 1691; x_wconf 79' lang='lat' dir='ltr'><strong>uxorem</strong></span> <span class='ocrx_word' id='word_1_133' title='bbox 607 1635 716 1692; x_wconf 88' lang='lat' dir='ltr'><strong>donatio</strong></span> <span class='ocrx_word' id='word_1_134' title='bbox 738 1651 792 1691; x_wconf 90' lang='lat' dir='ltr'><strong>uon</strong></span> <span class='ocrx_word' id='word_1_135' title='bbox 809 1635 894 1707; x_wconf 85' lang='lat' dir='ltr'><strong>ualet,</strong></span> <span class='ocrx_word' id='word_1_136' title='bbox 917 1638 968 1691; x_wconf 92' lang='lat' dir='ltr'><strong>uisi</strong></span> <span class='ocrx_word' id='word_1_137' title='bbox 984 1638 1065 1693; x_wconf 88' lang='lat' dir='ltr'><strong>certis</strong></span> 
     </span>
     <span class='ocr_line' id='line_1_18' title="bbox 111 1718 1065 1791; baseline 0.001 -16"><span class='ocrx_word' id='word_1_138' title='bbox 111 1734 143 1775; x_wconf 84' lang='lat' dir='ltr'><strong>ex</strong></span> <span class='ocrx_word' id='word_1_139' title='bbox 158 1720 262 1789; x_wconf 87' lang='lat' dir='ltr'><strong>causis,</strong></span> <span class='ocrx_word' id='word_1_140' title='bbox 278 1718 304 1774; x_wconf 92' lang='lat' dir='ltr'><strong>id</strong></span> <span class='ocrx_word' id='word_1_141' title='bbox 320 1726 362 1774; x_wconf 85' lang='lat' dir='ltr'><strong>est</strong></span> <span class='ocrx_word' id='word_1_142' title='bbox 377 1721 471 1773; x_wconf 90' lang='lat' dir='ltr'><strong>mortis</strong></span> <span class='ocrx_word' id='word_1_143' title='bbox 488 1734 578 1790; x_wconf 87' lang='lat' dir='ltr'><strong>eausa,</strong></span> <span class='ocrx_word' id='word_1_144' title='bbox 594 1720 706 1775; x_wconf 74' lang='lat' dir='ltr'><strong>diuortia¹</strong></span> <span class='ocrx_word' id='word_1_145' title='bbox 720 1735 815 1791; x_wconf 86' lang='lat' dir='ltr'><strong>causa,</strong></span> <span class='ocrx_word' id='word_1_146' title='bbox 836 1720 908 1777; x_wconf 90' lang='lat' dir='ltr'><strong>serui</strong></span> <span class='ocrx_word' id='word_1_147' title='bbox 925 1722 1065 1776; x_wconf 84' lang='lat' dir='ltr'><strong>manumit-</strong></span> 
     </span>
     <span class='ocr_line' id='line_1_19' title="bbox 111 1797 1165 1876; baseline 0.001 -19"><span class='ocrx_word' id='word_1_148' title='bbox 111 1802 185 1857; x_wconf 88' lang='lat' dir='ltr'><strong>tendi</strong></span> <span class='ocrx_word' id='word_1_149' title='bbox 201 1804 297 1874; x_wconf 84' lang='lat' dir='ltr'><strong>gratia.</strong></span> <span class='ocrx_word' id='word_1_150' title='bbox 332 1801 389 1856; x_wconf 88' lang='lat' dir='ltr'><strong>Hoc</strong></span> <span class='ocrx_word' id='word_1_151' title='bbox 404 1803 517 1873; x_wconf 90' lang='lat' dir='ltr'><strong>amplius</strong></span> <span class='ocrx_word' id='word_1_152' title='bbox 531 1804 722 1876; x_wconf 84' lang='lat' dir='ltr'><strong>principalibus</strong></span> <span class='ocrx_word' id='word_1_153' title='bbox 738 1797 985 1876; x_wconf 73' lang='lat' dir='ltr'><strong>conistitutionibus</strong></span> <span class='ocrx_word' id='word_1_154' title='bbox 1000 1820 1063 1862; x_wconf 87' lang='lat' dir='ltr'><strong>cou-</strong></span> <span class='ocrx_word' id='word_1_155' title='bbox 1078 1807 1165 1876; x_wconf 75' lang='lat' dir='ltr'><strong>193hd</strong></span> 
     </span>
     <span class='ocr_line' id='line_1_20' title="bbox 111 1883 1072 1962; baseline 0.003 -21"><span class='ocrx_word' id='word_1_156' title='bbox 111 1901 217 1941; x_wconf 90' lang='lat' dir='ltr'><strong>cessum</strong></span> <span class='ocrx_word' id='word_1_157' title='bbox 239 1893 282 1940; x_wconf 92' lang='lat' dir='ltr'><strong>est</strong></span> <span class='ocrx_word' id='word_1_158' title='bbox 301 1883 407 1940; x_wconf 86' lang='lat' dir='ltr'><strong>mulieri</strong></span> <span class='ocrx_word' id='word_1_159' title='bbox 422 1883 449 1938; x_wconf 94' lang='lat' dir='ltr'><strong>in</strong></span> <span class='ocrx_word' id='word_1_160' title='bbox 465 1884 517 1940; x_wconf 88' lang='lat' dir='ltr'><strong>iroc</strong></span> <span class='ocrx_word' id='word_1_161' title='bbox 532 1886 633 1940; x_wconf 87' lang='lat' dir='ltr'><strong>donare</strong></span> <span class='ocrx_word' id='word_1_162' title='bbox 655 1889 716 1942; x_wconf 89' lang='lat' dir='ltr'><strong>uiro</strong></span> <span class='ocrx_word' id='word_1_163' title='bbox 738 1904 802 1957; x_wconf 88' lang='lat' dir='ltr'><strong>suo,</strong></span> <span class='ocrx_word' id='word_1_164' title='bbox 823 1897 853 1943; x_wconf 87' lang='lat' dir='ltr'><strong>ut</strong></span> <span class='ocrx_word' id='word_1_165' title='bbox 867 1890 889 1943; x_wconf 94' lang='lat' dir='ltr'><strong>is</strong></span> <span class='ocrx_word' id='word_1_166' title='bbox 906 1887 937 1942; x_wconf 89' lang='lat' dir='ltr'><strong>ab</strong></span> <span class='ocrx_word' id='word_1_167' title='bbox 952 1889 1072 1962; x_wconf 55' lang='lat' dir='ltr'><strong>impera?</strong></span> 
     </span>
     <span class='ocr_line' id='line_1_21' title="bbox 111 1967 1028 2041; baseline 0.001 -16"><span class='ocrx_word' id='word_1_168' title='bbox 111 1978 172 2025; x_wconf 89' lang='lat' dir='ltr'><strong>tore</strong></span> <span class='ocrx_word' id='word_1_169' title='bbox 186 1968 242 2024; x_wconf 88' lang='lat' dir='ltr'><strong>lato</strong></span> <span class='ocrx_word' id='word_1_170' title='bbox 257 1967 336 2024; x_wconf 90' lang='lat' dir='ltr'><strong>clauo</strong></span> <span class='ocrx_word' id='word_1_171' title='bbox 351 1968 394 2024; x_wconf 91' lang='lat' dir='ltr'><strong>uel</strong></span> <span class='ocrx_word' id='word_1_172' title='bbox 412 1984 481 2039; x_wconf 90' lang='lat' dir='ltr'><strong>equo</strong></span> <span class='ocrx_word' id='word_1_173' title='bbox 498 1967 604 2041; x_wconf 85' lang='lat' dir='ltr'><strong>publico</strong></span> <span class='ocrx_word' id='word_1_174' title='bbox 620 1969 735 2025; x_wconf 87' lang='lat' dir='ltr'><strong>similiue</strong></span> <span class='ocrx_word' id='word_1_175' title='bbox 750 1970 853 2026; x_wconf 89' lang='lat' dir='ltr'><strong>honore</strong></span> <span class='ocrx_word' id='word_1_176' title='bbox 869 1971 1028 2028; x_wconf 88' lang='lat' dir='ltr'><strong>honoretur.</strong></span> 
     </span>
    </p>

    <p class='ocr_par' dir='ltr' id='par_1_7' title="bbox 111 2045 1063 2210">
     <span class='ocr_line' id='line_1_22' title="bbox 173 2045 1063 2124; baseline 0.001 -15"><span class='ocrx_word' id='word_1_177' title='bbox 173 2047 202 2109; x_wconf 79' lang='grc'>2.</span> <span class='ocrx_word' id='word_1_178' title='bbox 226 2045 273 2108; x_wconf 81' lang='lat' dir='ltr'><strong>⁸Si</strong></span> <span class='ocrx_word' id='word_1_179' title='bbox 289 2053 400 2107; x_wconf 87' lang='lat' dir='ltr'><strong>&#39;marito</strong></span> <span class='ocrx_word' id='word_1_180' title='bbox 416 2046 506 2109; x_wconf 68' lang='lat' dir='ltr'><strong>rancori</strong></span> <span class='ocrx_word' id='word_1_181' title='bbox 522 2052 635 2108; x_wconf 83' lang='lat' dir='ltr'><strong>diuortii</strong></span> <span class='ocrx_word' id='word_1_182' title='bbox 649 2069 729 2110; x_wconf 88' lang='lat' dir='ltr'><strong>causa</strong></span> <span class='ocrx_word' id='word_1_183' title='bbox 744 2070 788 2110; x_wconf 88' lang='lat' dir='ltr'><strong>res</strong></span> <span class='ocrx_word' id='word_1_184' title='bbox 805 2055 953 2124; x_wconf 87' lang='lat' dir='ltr'><strong>amouerit‚</strong></span> <span class='ocrx_word' id='word_1_185' title='bbox 974 2070 1063 2111; x_wconf 90' lang='lat' dir='ltr'><strong>rerum</strong></span> 
     </span>
     <span class='ocr_line' id='line_1_23' title="bbox 111 2137 665 2210; baseline 0.004 -19"><span class='ocrx_word' id='word_1_186' title='bbox 111 2152 221 2210; x_wconf 88' lang='lat' dir='ltr'><strong>quoque</strong></span> <span class='ocrx_word' id='word_1_187' title='bbox 236 2145 384 2192; x_wconf 89' lang='lat' dir='ltr'><strong>amotarum</strong></span> <span class='ocrx_word' id='word_1_188' title='bbox 400 2138 505 2192; x_wconf 83' lang='lat' dir='ltr'><strong>actione</strong></span> <span class='ocrx_word' id='word_1_189' title='bbox 520 2137 665 2194; x_wconf 88' lang='lat' dir='ltr'><strong>tenebitur.</strong></span> 
     </span>
    </p>

    <p class='ocr_par' dir='ltr' id='par_1_8' title="bbox 111 2214 1064 2443">
     <span class='ocr_line' id='line_1_24' title="bbox 173 2214 1064 2293; baseline 0.001 -18"><span class='ocrx_word' id='word_1_190' title='bbox 173 2214 201 2275; x_wconf 79' lang='grc'>3.</span> <span class='ocrx_word' id='word_1_191' title='bbox 225 2218 254 2275; x_wconf 88' lang='lat' dir='ltr'><strong>Si</strong></span> <span class='ocrx_word' id='word_1_192' title='bbox 270 2220 380 2275; x_wconf 90' lang='lat' dir='ltr'><strong>maritus</strong></span> <span class='ocrx_word' id='word_1_193' title='bbox 395 2236 446 2293; x_wconf 90' lang='lat' dir='ltr'><strong>pro</strong></span> <span class='ocrx_word' id='word_1_194' title='bbox 468 2220 579 2277; x_wconf 89' lang='lat' dir='ltr'><strong>muliere</strong></span> <span class='ocrx_word' id='word_1_195' title='bbox 600 2237 629 2277; x_wconf 90' lang='lat' dir='ltr'><strong>se</strong></span> <span class='ocrx_word' id='word_1_196' title='bbox 647 2220 806 2293; x_wconf 79' lang='lat' dir='ltr'><strong>obligauerit</strong></span> <span class='ocrx_word' id='word_1_197' title='bbox 828 2221 893 2277; x_wconf 89' lang='lat' dir='ltr'><strong>uei</strong></span> <span class='ocrx_word' id='word_1_198' title='bbox 886 2237 912 2276; x_wconf 89' lang='lat' dir='ltr'><strong>nr</strong></span> <span class='ocrx_word' id='word_1_199' title='bbox 929 2237 985 2276; x_wconf 90' lang='lat' dir='ltr'><strong>rem</strong></span> <span class='ocrx_word' id='word_1_200' title='bbox 1006 2224 1064 2278; x_wconf 89' lang='lat' dir='ltr'><strong>eius</strong></span> 
     </span>
     <span class='ocr_line' id='line_1_25' title="bbox 111 2302 1064 2415; baseline 0.005 -58"><span class='ocrx_word' id='word_1_201' title='bbox 111 2302 279 2376; x_wconf 85' lang='lat' dir='ltr'><strong>inpenderit,</strong></span> <span class='ocrx_word' id='word_1_202' title='bbox 297 2302 414 2359; x_wconf 89' lang='lat' dir='ltr'><strong>diuortio</strong></span> <span class='ocrx_word' id='word_1_203' title='bbox 431 2303 503 2360; x_wconf 81' lang='lat' dir='ltr'><strong>iacto</strong></span> <span class='ocrx_word' id='word_1_204' title='bbox 520 2307 674 2361; x_wconf 90' lang='lat' dir='ltr'><strong>eonomine</strong></span> <span class='ocrx_word' id='word_1_205' title='bbox 690 2320 786 2361; x_wconf 81' lang='lat' dir='ltr'><strong>cauere</strong></span> <span class='ocrx_word' id='word_1_206' title='bbox 802 2303 852 2415; x_wconf 90' lang='lat' dir='ltr'><strong>sibi</strong></span> <span class='ocrx_word' id='word_1_207' title='bbox 868 2304 939 2362; x_wconf 91' lang='lat' dir='ltr'><strong>solet</strong></span> <span class='ocrx_word' id='word_1_208' title='bbox 953 2306 1064 2380; x_wconf 90' lang='lat' dir='ltr'><strong>stipula·</strong></span> 
     </span>
     <span class='ocr_line' id='line_1_26' title="bbox 111 2380 384 2443; baseline 0.004 -2"><span class='ocrx_word' id='word_1_209' title='bbox 111 2388 183 2442; x_wconf 86' lang='lat' dir='ltr'><strong>tione</strong></span> <span class='ocrx_word' id='word_1_210' title='bbox 201 2386 349 2443; x_wconf 84' lang='lat' dir='ltr'><strong>tribunicia.</strong></span> <span class='ocrx_word' id='word_1_211' title='bbox 360 2380 384 2420; x_wconf 85' lang='lat'><strong>¹⁰</strong></span> 
     </span>
    </p>
   </div>
   <div class='ocr_carea' id='block_1_5' title="bbox 14 2534 1065 3589">
    <p class='ocr_par' dir='ltr' id='par_1_9' title="bbox 14 2534 1063 2604">
     <span class='ocr_line' id='line_1_27' title="bbox 14 2534 1063 2604; baseline 0.007 -21"><span class='ocrx_word' id='word_1_212' title='bbox 14 2586 20 2590; x_wconf 71' lang='grc'><em>,</em></span> <span class='ocrx_word' id='word_1_213' title='bbox 184 2534 203 2600; x_wconf 90' lang='lat'><strong>¹)</strong></span> <span class='ocrx_word' id='word_1_214' title='bbox 217 2539 353 2600; x_wconf 90' lang='lat' dir='ltr'><strong>repensatio</strong></span> <span class='ocrx_word' id='word_1_215' title='bbox 369 2537 480 2600; x_wconf 77' lang='lat' dir='ltr'><strong>(suetum</strong></span> <span class='ocrx_word' id='word_1_216' title='bbox 498 2554 533 2588; x_wconf 79' lang='lat' dir='ltr'><strong>ea:</strong></span> <span class='ocrx_word' id='word_1_217' title='bbox 546 2540 692 2601; x_wconf 77' lang='lat' dir='ltr'><strong>repseutatic</strong></span> <span class='ocrx_word' id='word_1_218' title='bbox 712 2541 813 2590; x_wconf 83' lang='lat' dir='ltr'><strong>ratione</strong></span> <span class='ocrx_word' id='word_1_219' title='bbox 832 2542 960 2604; x_wconf 83' lang='lat' dir='ltr'><strong>sequentis</strong></span> <span class='ocrx_word' id='word_1_220' title='bbox 978 2555 1063 2603; x_wconf 83' lang='lat' dir='ltr'><strong>repen-</strong></span> 
     </span>
    </p>

    <p class='ocr_par' dir='ltr' id='par_1_10' title="bbox 110 2605 1063 2673">
     <span class='ocr_line' id='line_1_28' title="bbox 110 2605 1063 2673; baseline 0.005 -19"><span class='ocrx_word' id='word_1_221' title='bbox 110 2620 190 2654; x_wconf 81' lang='lat' dir='ltr'><strong>surum</strong></span> <span class='ocrx_word' id='word_1_222' title='bbox 200 2620 252 2669; x_wconf 84' lang='lat' dir='ltr'><strong>pro</strong></span> <span class='ocrx_word' id='word_1_223' title='bbox 267 2605 443 2673; x_wconf 86' lang='lat' dir='ltr'><strong>Impeusorum)</strong></span> <span class='ocrx_word' id='word_1_224' title='bbox 462 2608 520 2657; x_wconf 81' lang='lat' dir='ltr'><strong>Vct.</strong></span> <span class='ocrx_word' id='word_1_225' title='bbox 531 2609 570 2658; x_wconf 86' lang='lat' dir='ltr'><strong>ed.</strong></span> <span class='ocrx_word' id='word_1_226' title='bbox 581 2608 629 2673; x_wconf 75' lang='lat'><strong>139.</strong></span> <span class='ocrx_word' id='word_1_227' title='bbox 682 2605 703 2672; x_wconf 49' lang='grc' dir='ltr'><strong>ἵ)</strong></span> <span class='ocrx_word' id='word_1_228' title='bbox 718 2610 762 2658; x_wconf 83' lang='lat' dir='ltr'><strong>Ad</strong></span> <span class='ocrx_word' id='word_1_229' title='bbox 775 2612 814 2671; x_wconf 63' lang='lat'><strong>§5-</strong></span> <span class='ocrx_word' id='word_1_230' title='bbox 830 2623 925 2662; x_wconf 76' lang='grc'>14-11.</span> <span class='ocrx_word' id='word_1_231' title='bbox 940 2611 975 2673; x_wconf 78' lang='lat' dir='ltr'><strong>ef.</strong></span> <span class='ocrx_word' id='word_1_232' title='bbox 985 2611 1017 2663; x_wconf 84' lang='lat' dir='ltr'><strong>L.</strong></span> <span class='ocrx_word' id='word_1_233' title='bbox 1030 2623 1063 2662; x_wconf 83' lang='lat' dir='ltr'><strong>rs.</strong></span> 
     </span>
    </p>

    <p class='ocr_par' dir='ltr' id='par_1_11' title="bbox 109 2676 1062 2745">
     <span class='ocr_line' id='line_1_29' title="bbox 109 2676 1062 2745; baseline 0.004 -21"><span class='ocrx_word' id='word_1_234' title='bbox 109 2677 142 2725; x_wconf 86' lang='lat' dir='ltr'><strong>D.</strong></span> <span class='ocrx_word' id='word_1_235' title='bbox 157 2677 189 2726; x_wconf 84' lang='lat' dir='ltr'><strong>de</strong></span> <span class='ocrx_word' id='word_1_236' title='bbox 204 2676 272 2727; x_wconf 83' lang='lat' dir='ltr'><strong>verb.</strong></span> <span class='ocrx_word' id='word_1_237' title='bbox 287 2679 353 2742; x_wconf 75' lang='lat' dir='ltr'><strong>ripa.</strong></span> <span class='ocrx_word' id='word_1_238' title='bbox 369 2676 416 2741; x_wconf 82' lang='lat' dir='ltr'><strong>(uo,</strong></span> <span class='ocrx_word' id='word_1_239' title='bbox 436 2677 480 2740; x_wconf 87' lang='grc'>18).</span> <span class='ocrx_word' id='word_1_240' title='bbox 508 2677 555 2728; x_wconf 78' lang='lat' dir='ltr'><strong>Tit.</strong></span> <span class='ocrx_word' id='word_1_241' title='bbox 570 2678 602 2727; x_wconf 87' lang='lat' dir='ltr'><strong>D.</strong></span> <span class='ocrx_word' id='word_1_242' title='bbox 618 2680 649 2727; x_wconf 88' lang='lat' dir='ltr'><strong>de</strong></span> <span class='ocrx_word' id='word_1_243' title='bbox 664 2679 768 2740; x_wconf 78' lang='lat' dir='ltr'><strong>imperas.</strong></span> <span class='ocrx_word' id='word_1_244' title='bbox 788 2681 816 2727; x_wconf 83' lang='lat' dir='ltr'><strong>in</strong></span> <span class='ocrx_word' id='word_1_245' title='bbox 835 2694 878 2728; x_wconf 87' lang='lat' dir='ltr'><strong>res</strong></span> <span class='ocrx_word' id='word_1_246' title='bbox 896 2680 948 2729; x_wconf 84' lang='lat' dir='ltr'><strong>dot.</strong></span> <span class='ocrx_word' id='word_1_247' title='bbox 968 2678 1062 2745; x_wconf 81' lang='lat'><strong>(25,1).</strong></span> 
     </span>
    </p>

    <p class='ocr_par' dir='ltr' id='par_1_12' title="bbox 110 2745 1065 2814">
     <span class='ocr_line' id='line_1_30' title="bbox 110 2745 1065 2814; baseline 0.006 -20"><span class='ocrx_word' id='word_1_248' title='bbox 110 2747 141 2796; x_wconf 87' lang='lat' dir='ltr'><strong>L.</strong></span> <span class='ocrx_word' id='word_1_249' title='bbox 157 2763 199 2797; x_wconf 86' lang='lat' dir='ltr'><strong>uu.</strong></span> <span class='ocrx_word' id='word_1_250' title='bbox 215 2748 239 2808; x_wconf 70' lang='grc' dir='ltr'>ξ.</span> <span class='ocrx_word' id='word_1_251' title='bbox 253 2757 274 2799; x_wconf 84' lang='grc'><strong>8.</strong></span> <span class='ocrx_word' id='word_1_252' title='bbox 296 2748 321 2797; x_wconf 81' lang='lat'><strong>0.</strong></span> <span class='ocrx_word' id='word_1_253' title='bbox 337 2749 368 2797; x_wconf 83' lang='lat' dir='ltr'><strong>de</strong></span> <span class='ocrx_word' id='word_1_254' title='bbox 382 2750 423 2797; x_wconf 85' lang='lat' dir='ltr'><strong>rei</strong></span> <span class='ocrx_word' id='word_1_255' title='bbox 437 2763 513 2799; x_wconf 77' lang='lat' dir='ltr'><strong>uuor.</strong></span> <span class='ocrx_word' id='word_1_256' title='bbox 528 2756 578 2798; x_wconf 81' lang='lat' dir='ltr'><strong>net.</strong></span> <span class='ocrx_word' id='word_1_257' title='bbox 593 2747 624 2812; x_wconf 83' lang='lat'><strong>(5,</strong></span> <span class='ocrx_word' id='word_1_258' title='bbox 640 2748 684 2814; x_wconf 78' lang='grc'>18).</span> <span class='ocrx_word' id='word_1_259' title='bbox 764 2745 928 2814; x_wconf 75' lang='lat' dir='ltr'><strong>⁸)Suppieui.</strong></span> <span class='ocrx_word' id='word_1_260' title='bbox 953 2749 1065 2800; x_wconf 72' lang='lat' dir='ltr'><strong>Excidit</strong></span> 
     </span>
    </p>

    <p class='ocr_par' dir='ltr' id='par_1_13' title="bbox 110 2817 1062 2886">
     <span class='ocr_line' id='line_1_31' title="bbox 110 2817 1062 2886; baseline 0.003 -19"><span class='ocrx_word' id='word_1_261' title='bbox 110 2817 141 2867; x_wconf 83' lang='lat' dir='ltr'><strong>ob</strong></span> <span class='ocrx_word' id='word_1_262' title='bbox 158 2833 266 2882; x_wconf 83' lang='lat' dir='ltr'><strong>sequeus</strong></span> <span class='ocrx_word' id='word_1_263' title='bbox 283 2819 371 2868; x_wconf 87' lang='lat' dir='ltr'><strong>uineta.</strong></span> <span class='ocrx_word' id='word_1_264' title='bbox 401 2819 439 2882; x_wconf 81' lang='lat' dir='ltr'><strong>Cf.</strong></span> <span class='ocrx_word' id='word_1_265' title='bbox 459 2829 484 2880; x_wconf 80' lang='lat' dir='ltr'><strong>o,</strong></span> <span class='ocrx_word' id='word_1_266' title='bbox 503 2829 523 2870; x_wconf 80' lang='lat'><strong>2.</strong></span> <span class='ocrx_word' id='word_1_267' title='bbox 543 2826 593 2869; x_wconf 81' lang='lat' dir='ltr'><strong>not.</strong></span> <span class='ocrx_word' id='word_1_268' title='bbox 609 2831 642 2869; x_wconf 79' lang='grc'>11.</span> <span class='ocrx_word' id='word_1_269' title='bbox 671 2818 709 2868; x_wconf 87' lang='lat' dir='ltr'><strong>De</strong></span> <span class='ocrx_word' id='word_1_270' title='bbox 728 2823 843 2883; x_wconf 77' lang='lat' dir='ltr'><strong>exemplo</strong></span> <span class='ocrx_word' id='word_1_271' title='bbox 864 2821 915 2870; x_wconf 83' lang='lat' dir='ltr'><strong>Cic.</strong></span> <span class='ocrx_word' id='word_1_272' title='bbox 936 2836 1027 2886; x_wconf 79' lang='lat' dir='ltr'><strong>uprur.</strong></span> <span class='ocrx_word' id='word_1_273' title='bbox 1042 2833 1062 2871; x_wconf 83' lang='lat'><strong>2.</strong></span> 
     </span>
    </p>

    <p class='ocr_par' dir='ltr' id='par_1_14' title="bbox 109 2886 1063 3096">
     <span class='ocr_line' id='line_1_32' title="bbox 109 2886 1063 2956; baseline 0.003 -18"><span class='ocrx_word' id='word_1_274' title='bbox 109 2889 148 2949; x_wconf 64' lang='grc' dir='ltr'><strong>ἐξ.</strong></span> <span class='ocrx_word' id='word_1_275' title='bbox 162 2900 196 2938; x_wconf 98' lang='grc'><strong>48.</strong></span> <span class='ocrx_word' id='word_1_276' title='bbox 212 2900 245 2939; x_wconf 74' lang='grc'><strong>81.</strong></span> <span class='ocrx_word' id='word_1_277' title='bbox 264 2889 378 2952; x_wconf 75' lang='lat' dir='ltr'><strong>Appiae.</strong></span> <span class='ocrx_word' id='word_1_278' title='bbox 393 2890 461 2939; x_wconf 83' lang='lat' dir='ltr'><strong>deb.</strong></span> <span class='ocrx_word' id='word_1_279' title='bbox 473 2901 570 2948; x_wconf 81' lang='lat' dir='ltr'><strong>e.1,18.</strong></span> <span class='ocrx_word' id='word_1_280' title='bbox 621 2886 642 2954; x_wconf 82' lang='lat'><strong>⁴¹)</strong></span> <span class='ocrx_word' id='word_1_281' title='bbox 658 2890 725 2939; x_wconf 84' lang='lat' dir='ltr'><strong>fieret</strong></span> <span class='ocrx_word' id='word_1_282' title='bbox 744 2891 803 2940; x_wconf 79' lang='lat' dir='ltr'><strong>Vae.</strong></span> <span class='ocrx_word' id='word_1_283' title='bbox 817 2889 865 2956; x_wconf 75' lang='lat' dir='ltr'><strong>Bp.</strong></span> <span class='ocrx_word' id='word_1_284' title='bbox 877 2892 916 2943; x_wconf 86' lang='lat' dir='ltr'><strong>ed</strong></span> <span class='ocrx_word' id='word_1_285' title='bbox 969 2888 1063 2956; x_wconf 79' lang='lat' dir='ltr'><strong>⁵)Duo</strong></span> 
     </span>
     <span class='ocr_line' id='line_1_33' title="bbox 110 2959 1063 3025; baseline 0.005 -19"><span class='ocrx_word' id='word_1_286' title='bbox 110 2964 207 3007; x_wconf 82' lang='lat' dir='ltr'><strong>tunium</strong></span> <span class='ocrx_word' id='word_1_287' title='bbox 221 2959 369 3008; x_wconf 85' lang='lat' dir='ltr'><strong>desiderari</strong></span> <span class='ocrx_word' id='word_1_288' title='bbox 383 2961 514 3020; x_wconf 83' lang='lat' dir='ltr'><strong>uidentur,</strong></span> <span class='ocrx_word' id='word_1_289' title='bbox 534 2961 636 3025; x_wconf 82' lang='lat' dir='ltr'><strong>quando</strong></span> <span class='ocrx_word' id='word_1_290' title='bbox 655 2960 710 3010; x_wconf 84' lang='lat' dir='ltr'><strong>ob</strong></span> <span class='ocrx_word' id='word_1_291' title='bbox 700 2976 827 3025; x_wconf 79' lang='lat' dir='ltr'><strong>impensas</strong></span> <span class='ocrx_word' id='word_1_292' title='bbox 845 2964 954 3011; x_wconf 84' lang='lat' dir='ltr'><strong>retineri</strong></span> <span class='ocrx_word' id='word_1_293' title='bbox 969 2965 1063 3025; x_wconf 76' lang='lat' dir='ltr'><strong>possit,</strong></span> 
     </span>
     <span class='ocr_line' id='line_1_34' title="bbox 109 3029 1062 3096; baseline 0.008 -20"><span class='ocrx_word' id='word_1_294' title='bbox 109 3029 224 3091; x_wconf 78' lang='lat' dir='ltr'><strong>definitio</strong></span> <span class='ocrx_word' id='word_1_295' title='bbox 239 3036 263 3077; x_wconf 85' lang='lat' dir='ltr'><strong>et</strong></span> <span class='ocrx_word' id='word_1_296' title='bbox 276 3032 445 3079; x_wconf 78' lang='lat' dir='ltr'><strong>retentionem</strong></span> <span class='ocrx_word' id='word_1_297' title='bbox 458 3031 489 3081; x_wconf 86' lang='lat' dir='ltr'><strong>ob</strong></span> <span class='ocrx_word' id='word_1_298' title='bbox 503 3046 545 3081; x_wconf 83' lang='lat' dir='ltr'><strong>res</strong></span> <span class='ocrx_word' id='word_1_299' title='bbox 559 3033 707 3081; x_wconf 79' lang='lat' dir='ltr'><strong>deuotast</strong></span> <span class='ocrx_word' id='word_1_300' title='bbox 683 3039 707 3081; x_wconf 84' lang='lat' dir='ltr'><strong>et</strong></span> <span class='ocrx_word' id='word_1_301' title='bbox 721 3032 751 3082; x_wconf 86' lang='lat' dir='ltr'><strong>ob</strong></span> <span class='ocrx_word' id='word_1_302' title='bbox 766 3047 809 3082; x_wconf 85' lang='lat' dir='ltr'><strong>res</strong></span> <span class='ocrx_word' id='word_1_303' title='bbox 819 3040 916 3088; x_wconf 77' lang='lat' dir='ltr'><strong>arucias</strong></span> <span class='ocrx_word' id='word_1_304' title='bbox 925 3035 1062 3096; x_wconf 78' lang='lat' dir='ltr'><strong>expositio</strong></span> 
     </span>
    </p>

    <p class='ocr_par' dir='ltr' id='par_1_15' title="bbox 110 3095 1063 3237">
     <span class='ocr_line' id='line_1_35' title="bbox 111 3095 1063 3166; baseline 0.004 -18"><span class='ocrx_word' id='word_1_305' title='bbox 111 3095 131 3162; x_wconf 72' lang='grc' dir='ltr'><strong>θ)</strong></span> <span class='ocrx_word' id='word_1_306' title='bbox 151 3098 300 3162; x_wconf 79' lang='lat' dir='ltr'><strong>Ulpianus</strong></span> <span class='ocrx_word' id='word_1_307' title='bbox 289 3115 316 3149; x_wconf 81' lang='lat' dir='ltr'><strong>eu</strong></span> <span class='ocrx_word' id='word_1_308' title='bbox 331 3099 384 3156; x_wconf 76' lang='lat' dir='ltr'><strong>iis,</strong></span> <span class='ocrx_word' id='word_1_309' title='bbox 403 3117 467 3164; x_wconf 87' lang='lat' dir='ltr'><strong>quae</strong></span> <span class='ocrx_word' id='word_1_310' title='bbox 485 3110 638 3166; x_wconf 82' lang='lat' dir='ltr'><strong>sequuntur,</strong></span> <span class='ocrx_word' id='word_1_311' title='bbox 659 3117 709 3152; x_wconf 84' lang='lat' dir='ltr'><strong>uon</strong></span> <span class='ocrx_word' id='word_1_312' title='bbox 724 3105 851 3166; x_wconf 82' lang='lat' dir='ltr'><strong>proprius</strong></span> <span class='ocrx_word' id='word_1_313' title='bbox 869 3106 991 3153; x_wconf 78' lang='lat' dir='ltr'><strong>materias</strong></span> <span class='ocrx_word' id='word_1_314' title='bbox 1009 3110 1063 3152; x_wconf 83' lang='lat' dir='ltr'><strong>tra·</strong></span> 
     </span>
     <span class='ocr_line' id='line_1_36' title="bbox 110 3170 1063 3255; baseline 0.004 -38"><span class='ocrx_word' id='word_1_315' title='bbox 110 3175 192 3219; x_wconf 79' lang='lat' dir='ltr'><strong>erasse</strong></span> <span class='ocrx_word' id='word_1_316' title='bbox 210 3170 257 3218; x_wconf 86' lang='lat' dir='ltr'><strong>sed</strong></span> <span class='ocrx_word' id='word_1_317' title='bbox 274 3172 407 3219; x_wconf 83' lang='lat' dir='ltr'><strong>materiam</strong></span> <span class='ocrx_word' id='word_1_318' title='bbox 425 3171 456 3220; x_wconf 84' lang='lat' dir='ltr'><strong>de</strong></span> <span class='ocrx_word' id='word_1_319' title='bbox 475 3173 532 3221; x_wconf 86' lang='lat' dir='ltr'><strong>dote</strong></span> <span class='ocrx_word' id='word_1_320' title='bbox 551 3174 587 3222; x_wconf 86' lang='lat' dir='ltr'><strong>ed</strong></span> <span class='ocrx_word' id='word_1_321' title='bbox 601 3174 677 3255; x_wconf 82' lang='lat' dir='ltr'><strong>finem</strong></span> <span class='ocrx_word' id='word_1_322' title='bbox 691 3174 849 3235; x_wconf 76' lang='lat' dir='ltr'><strong>perduxisse</strong></span> <span class='ocrx_word' id='word_1_323' title='bbox 863 3174 997 3237; x_wconf 83' lang='lat' dir='ltr'><strong>putandus</strong></span> <span class='ocrx_word' id='word_1_324' title='bbox 1017 3180 1063 3230; x_wconf 87' lang='lat' dir='ltr'><strong>est,</strong></span> 
     </span>
    </p>

    <p class='ocr_par' dir='ltr' id='par_1_16' title="bbox 110 3240 1064 3308">
     <span class='ocr_line' id='line_1_37' title="bbox 110 3240 1064 3308; baseline 0.004 -20"><span class='ocrx_word' id='word_1_325' title='bbox 110 3240 208 3289; x_wconf 82' lang='lat' dir='ltr'><strong>addens</strong></span> <span class='ocrx_word' id='word_1_326' title='bbox 228 3240 264 3288; x_wconf 87' lang='lat' dir='ltr'><strong>ud</strong></span> <span class='ocrx_word' id='word_1_327' title='bbox 284 3243 454 3289; x_wconf 75' lang='lat' dir='ltr'><strong>retentionem</strong></span> <span class='ocrx_word' id='word_1_328' title='bbox 475 3242 527 3299; x_wconf 85' lang='lat' dir='ltr'><strong>ius,</strong></span> <span class='ocrx_word' id='word_1_329' title='bbox 548 3258 613 3306; x_wconf 84' lang='lat' dir='ltr'><strong>quae</strong></span> <span class='ocrx_word' id='word_1_330' title='bbox 638 3245 664 3291; x_wconf 84' lang='lat' dir='ltr'><strong>in</strong></span> <span class='ocrx_word' id='word_1_331' title='bbox 687 3245 798 3308; x_wconf 76' lang='lat' dir='ltr'><strong>siupuiis</strong></span> <span class='ocrx_word' id='word_1_332' title='bbox 821 3260 909 3293; x_wconf 83' lang='lat' dir='ltr'><strong>earum</strong></span> <span class='ocrx_word' id='word_1_333' title='bbox 931 3243 1064 3305; x_wconf 83' lang='lat' dir='ltr'><strong>speciebus</strong></span> 
     </span>
    </p>

    <p class='ocr_par' dir='ltr' id='par_1_17' title="bbox 67 3310 1061 3378">
     <span class='ocr_line' id='line_1_38' title="bbox 67 3310 1061 3378; baseline 0.005 -21"><span class='ocrx_word' id='word_1_334' title='bbox 67 3338 70 3343; x_wconf 94' lang='lat'>-</span> <span class='ocrx_word' id='word_1_335' title='bbox 105 3312 516 3375; x_wconf 75' lang='lat' dir='ltr'><strong>praetereuscitudipnaerani.</strong></span> <span class='ocrx_word' id='word_1_336' title='bbox 568 3310 589 3378; x_wconf 67' lang='grc'><strong>7)</strong></span> <span class='ocrx_word' id='word_1_337' title='bbox 606 3313 643 3377; x_wconf 81' lang='lat' dir='ltr'><strong>Cf.</strong></span> <span class='ocrx_word' id='word_1_338' title='bbox 660 3313 735 3364; x_wconf 84' lang='lat' dir='ltr'><strong>Paul.</strong></span> <span class='ocrx_word' id='word_1_339' title='bbox 750 3326 770 3372; x_wconf 76' lang='lat'><strong>2,</strong></span> <span class='ocrx_word' id='word_1_340' title='bbox 785 3326 817 3366; x_wconf 73' lang='lat'><strong>2³.</strong></span> <span class='ocrx_word' id='word_1_341' title='bbox 834 3316 872 3376; x_wconf 63' lang='grc' dir='ltr'><strong>ἐξ.</strong></span> <span class='ocrx_word' id='word_1_342' title='bbox 890 3326 908 3365; x_wconf 83' lang='grc'>1.</span> <span class='ocrx_word' id='word_1_343' title='bbox 924 3325 943 3363; x_wconf 85' lang='lat'><strong>2.</strong></span> <span class='ocrx_word' id='word_1_344' title='bbox 959 3326 979 3364; x_wconf 90' lang='grc'><strong>8.</strong></span> <span class='ocrx_word' id='word_1_345' title='bbox 999 3313 1031 3362; x_wconf 87' lang='lat' dir='ltr'><strong>L.</strong></span> <span class='ocrx_word' id='word_1_346' title='bbox 1043 3326 1061 3363; x_wconf 87' lang='lat'><strong>1.</strong></span> 
     </span>
    </p>

    <p class='ocr_par' dir='ltr' id='par_1_18' title="bbox 109 3381 1061 3449">
     <span class='ocr_line' id='line_1_39' title="bbox 109 3381 1061 3449; baseline 0.004 -21"><span class='ocrx_word' id='word_1_347' title='bbox 109 3391 129 3429; x_wconf 86' lang='lat' dir='ltr'><strong>e.</strong></span> <span class='ocrx_word' id='word_1_348' title='bbox 145 3392 177 3429; x_wconf 88' lang='lat'><strong>11.</strong></span> <span class='ocrx_word' id='word_1_349' title='bbox 192 3391 227 3431; x_wconf 86' lang='grc' dir='ltr'>4ο.</span> <span class='ocrx_word' id='word_1_350' title='bbox 241 3393 275 3432; x_wconf 76' lang='lat' dir='ltr'><strong>es.</strong></span> <span class='ocrx_word' id='word_1_351' title='bbox 295 3382 327 3430; x_wconf 85' lang='grc' dir='ltr'><strong>Ι).</strong></span> <span class='ocrx_word' id='word_1_352' title='bbox 343 3383 374 3431; x_wconf 82' lang='lat' dir='ltr'><strong>de</strong></span> <span class='ocrx_word' id='word_1_353' title='bbox 388 3383 447 3432; x_wconf 83' lang='lat' dir='ltr'><strong>dou.</strong></span> <span class='ocrx_word' id='word_1_354' title='bbox 463 3384 509 3431; x_wconf 81' lang='lat' dir='ltr'><strong>int.</strong></span> <span class='ocrx_word' id='word_1_355' title='bbox 524 3385 572 3434; x_wconf 73' lang='lat' dir='ltr'><strong>uir.</strong></span> <span class='ocrx_word' id='word_1_356' title='bbox 588 3381 632 3449; x_wconf 78' lang='lat'>(24,</span> <span class='ocrx_word' id='word_1_357' title='bbox 648 3385 679 3448; x_wconf 90' lang='lat'><strong>1).</strong></span> <span class='ocrx_word' id='word_1_358' title='bbox 705 3384 737 3433; x_wconf 86' lang='lat' dir='ltr'><strong>L.</strong></span> <span class='ocrx_word' id='word_1_359' title='bbox 752 3395 785 3435; x_wconf 80' lang='lat'><strong>21.</strong></span> <span class='ocrx_word' id='word_1_360' title='bbox 800 3395 834 3435; x_wconf 82' lang='lat' dir='ltr'><strong>re.</strong></span> <span class='ocrx_word' id='word_1_361' title='bbox 861 3384 885 3432; x_wconf 83' lang='lat'><strong>0.</strong></span> <span class='ocrx_word' id='word_1_362' title='bbox 901 3385 956 3433; x_wconf 86' lang='lat' dir='ltr'><strong>eod.</strong></span> <span class='ocrx_word' id='word_1_363' title='bbox 972 3381 1003 3449; x_wconf 85' lang='lat'><strong>(5,</strong></span> <span class='ocrx_word' id='word_1_364' title='bbox 1019 3383 1061 3448; x_wconf 84' lang='lat' dir='ltr'><strong>m).</strong></span> 
     </span>
    </p>

    <p class='ocr_par' dir='ltr' id='par_1_19' title="bbox 111 3446 1062 3521">
     <span class='ocr_line' id='line_1_40' title="bbox 111 3446 1062 3521; baseline 0.006 -23"><span class='ocrx_word' id='word_1_365' title='bbox 111 3446 131 3513; x_wconf 83' lang='lat'><strong>⁸)</strong></span> <span class='ocrx_word' id='word_1_366' title='bbox 148 3450 185 3512; x_wconf 78' lang='lat' dir='ltr'><strong>Cf.</strong></span> <span class='ocrx_word' id='word_1_367' title='bbox 200 3452 238 3500; x_wconf 80' lang='lat' dir='ltr'><strong>tu.</strong></span> <span class='ocrx_word' id='word_1_368' title='bbox 258 3452 290 3500; x_wconf 87' lang='lat' dir='ltr'><strong>D.</strong></span> <span class='ocrx_word' id='word_1_369' title='bbox 306 3469 357 3504; x_wconf 84' lang='lat' dir='ltr'><strong>rer.</strong></span> <span class='ocrx_word' id='word_1_370' title='bbox 374 3461 447 3503; x_wconf 84' lang='lat' dir='ltr'><strong>umet.</strong></span> <span class='ocrx_word' id='word_1_371' title='bbox 463 3452 507 3518; x_wconf 80' lang='lat'>(25,</span> <span class='ocrx_word' id='word_1_372' title='bbox 523 3455 552 3518; x_wconf 77' lang='grc'>1).</span> <span class='ocrx_word' id='word_1_373' title='bbox 632 3452 653 3521; x_wconf 78' lang='lat'><strong>⁹)</strong></span> <span class='ocrx_word' id='word_1_374' title='bbox 668 3456 766 3504; x_wconf 89' lang='lat' dir='ltr'><strong>maritus</strong></span> <span class='ocrx_word' id='word_1_375' title='bbox 780 3453 844 3518; x_wconf 83' lang='lat' dir='ltr'><strong>(pro</strong></span> <span class='ocrx_word' id='word_1_376' title='bbox 859 3455 944 3503; x_wconf 88' lang='lat' dir='ltr'><strong>marito</strong></span> <span class='ocrx_word' id='word_1_377' title='bbox 959 3470 995 3504; x_wconf 86' lang='lat' dir='ltr'><strong>uc.</strong></span> <span class='ocrx_word' id='word_1_378' title='bbox 1011 3455 1062 3505; x_wconf 84' lang='lat' dir='ltr'><strong>uid.</strong></span> 
     </span>
    </p>

    <p class='ocr_par' dir='ltr' id='par_1_20' title="bbox 111 3519 1063 3589">
     <span class='ocr_line' id='line_1_41' title="bbox 111 3519 1063 3589; baseline 0.005 -22"><span class='ocrx_word' id='word_1_379' title='bbox 111 3519 163 3568; x_wconf 80' lang='lat' dir='ltr'><strong>FtI.</strong></span> <span class='ocrx_word' id='word_1_380' title='bbox 176 3534 203 3582; x_wconf 83' lang='lat' dir='ltr'><strong>p.</strong></span> <span class='ocrx_word' id='word_1_381' title='bbox 219 3519 276 3585; x_wconf 79' lang='lat' dir='ltr'><strong>urs.)</strong></span> <span class='ocrx_word' id='word_1_382' title='bbox 297 3522 354 3572; x_wconf 85' lang='lat' dir='ltr'><strong>Vut.</strong></span> <span class='ocrx_word' id='word_1_383' title='bbox 370 3525 427 3574; x_wconf 83' lang='lat' dir='ltr'><strong>edd.</strong></span> <span class='ocrx_word' id='word_1_384' title='bbox 494 3522 526 3589; x_wconf 87' lang='lat' dir='ltr'><strong>l⁰)</strong></span> <span class='ocrx_word' id='word_1_385' title='bbox 542 3525 622 3583; x_wconf 86' lang='lat' dir='ltr'><strong>Puta,</strong></span> <span class='ocrx_word' id='word_1_386' title='bbox 642 3525 759 3576; x_wconf 83' lang='lat' dir='ltr'><strong>tribunos</strong></span> <span class='ocrx_word' id='word_1_387' title='bbox 773 3528 811 3589; x_wconf 84' lang='lat' dir='ltr'><strong>pi.</strong></span> <span class='ocrx_word' id='word_1_388' title='bbox 827 3541 843 3574; x_wconf 88' lang='grc' dir='ltr'><em>α</em></span> <span class='ocrx_word' id='word_1_389' title='bbox 862 3527 963 3584; x_wconf 79' lang='lat' dir='ltr'><strong>moritis</strong></span> <span class='ocrx_word' id='word_1_390' title='bbox 981 3526 1063 3576; x_wconf 79' lang='lat' dir='ltr'><strong>dotem</strong></span> 
     </span>
    </p>
   </div>
   <div class='ocr_carea' id='block_1_6' title="bbox 799 3609 853 3666">
    <p class='ocr_par' dir='ltr' id='par_1_21' title="bbox 799 3609 853 3666">
     <span class='ocr_line' id='line_1_42' title="bbox 799 3609 853 3666; baseline 0.019 -1"><span class='ocrx_word' id='word_1_391' title='bbox 799 3609 853 3666; x_wconf 73' lang='lat' dir='ltr'><strong>uu*</strong></span> 
     </span>
    </p>
   </div>
   <div class='ocr_carea' id='block_1_7' title="bbox 0 0 1230 3840">
    <p class='ocr_par' dir='ltr' id='par_1_22' title="bbox 0 0 1230 3840">
     <span class='ocr_line' id='line_1_43' title="bbox 0 0 1230 3840; baseline 0 0"><span class='ocrx_word' id='word_1_392' title='bbox 0 0 1230 3840; x_wconf 95' lang='lat' dir='ltr'><strong> </strong></span> 
     </span>
    </p>
   </div>
  </div>
 </body>
</html>
