2452 3840
157 187 220 252 598
336 203 442 239 nomen
459 202 567 239 suemus
585 201 683 239 annau.
703 183 788 239 XXII.
810 189 921 237 13—20.

158 348 212 390 non
228 333 353 388 consistit
367 332 513 388 institutio.
557 328 601 390 13.
623 331 733 387 Alienus
754 345 850 386 seruus
866 330 945 386 heres
966 329 1109 384 institutus

158 419 180 472 si
196 415 304 489 quidem
319 416 346 470 in
362 431 392 470 ea
408 431 487 472 eausa
501 415 688 488 permanserit,
705 415 782 470 iussu
797 413 898 469 domini
909 411 990 468 debet
1005 411 1109 467 heredi·

158 507 240 556 tatem
256 499 344 567 adire3
368 498 441 571 quod
456 500 480 553 si
494 499 558 554 uiuo
574 506 704 554 testatore
720 498 898 553 manumissus
914 499 967 550 aut'
980 494 1109 551 alienatus

159 583 297 639 adomino
313 582 412 653 fuerit,
435 590 481 638 aut
502 598 552 638 sno
575 582 685 638 arbitrio
702 591 748 637 aut
768 583 844 637 iussu
864 581 993 652 emptoris
1008 580 1111 653 poterit

160 665 232 722 adire
247 665 432 722 hereditatem.

222 742 285 805 ¹14.
308 748 355 806 Sui
377 749 489 805 heredes
516 745 592 823 ‘(uei
613 742 765 824 Ιιενθάεε)2
792 745 951 804 instituendi
981 754 1045 802 sunt
1067 745 1112 802 uel

160 832 345 889 exheredandi.
382 834 425 888 sui
440 842 529 889 autern
545 831 656 889 heredes
668 841 733 889 sunt
748 832 833 903 liberi,
853 847 921 905 quos
933 832 961 886 in
976 837 1112 905 potestate

159 915 305 989 habemus,
329 927 382 995 tam
404 916 539 974 naturales
555 933 633 991 quam
656 917 790 990 adoptiui3
814 917 878 972 item
895 930 977 986 uror,
1001 915 1113 987 quaein

160 1009 307 1071 manassi,
323 1009 350 1056 et
365 1016 466 1070 nurus,
483 1016 551 1074 quae
566 1002 594 1055 in
609 1016 688 1055 manu
704 998 823 1068 esttibi,
839 1015 918 1071 quern
934 1000 960 1053 in
976 1005 1112 1073 potestate

160 1083 297 1140 habemus.
341 1080 385 1142 tt.
408 1083 529 1139 Postumi
552 1099 660 1157 quoque
681 1082 772 1153 liberi,
797 1082 824 1138 id
839 1090 894 1152 est,
919 1083 963 1156 qui
985 1083 1013 1137 in
1032 1089 1111 1137 utero

56 1157 240 1237 198b0‘sunt‚
266 1162 268 1241 l
293 1168 315 1221 si
332 1167 397 1222 tales
411 1176 491 1237 sunt,
514 1175 545 1223 ut
559 1169 615 1223 nati
629 1168 656 1222 iu
673 1175 809 1240 potestate
830 1174 923 1222 nostra
945 1165 1029 1221 futuri
1047 1165 1112 1235 sint,

160 1265 271 1305 suorum
287 1249 414 1305 heredum
430 1266 542 1307 numero
557 1259 630 1307 sunt.
674 1246 717 1307 16.
740 1249 778 1305 En
797 1252 853 1305 suis
876 1249 1019 1305 heredibus
1041 1246 1111 1303 lilius
1139 1307 1142 1312 ,

161 1332 268 1406 quidem
283 1349 371 1406 neque
392 1333 471 1389 heres
491 1335 646 1405 institutus,
668 1350 757 1407 neque
776 1327 947 1389 nominatim3
968 1331 1111 1389 exhereda·

159 1427 215 1490 tus,
230 1433 286 1474 non
300 1419 402 1490 patitur
418 1417 508 1474 ualere
524 1426 722 1476 testamentum.
765 1413 807 1474 tt.
828 1417 955 1490 Reliquae
971 1433 1036 1472 uero
1052 1430 1113 1490 per·

161 1517 244 1557 sonae
259 1501 416 1572 liberorum,
432 1502 508 1558 uelut
523 1501 584 1572 filia,
600 1517 694 1576 nepas,
716 1505 815 1574 neptis,
834 1502 857 1555 si
873 1502 1032 1574 praeteritae
1047 1502 1113 1568 sint,

161 1584 235 1640 ualet
248 1592 454 1657 testamentum,
478 1580 554 1659 quo4
574 1587 682 1658 scriptis
701 1584 844 1641 heredibus
860 1583 1031 1652 adcrescunt,
1055 1584 1112 1638 suis

161 1668 269 1740 quidem
281 1669 424 1724 heredibus
436 1672 462 1725 ln
479 1677 582 1743 partem
595 1671 709 1740 uirilem,
725 1670 858 1724 extraneis
870 1675 958 1723 autem
970 1667 997 1721 in
1008 1674 1112 1738 partem

161 1751 304 1807 dimidiam.
359 1748 404 1807 ta.
433 1753 553 1810 Postumi
586 1745 778 1826 ’quicunquei
810 1751 887 1806 liberi
920 1752 1112 1823 cuiuscumque

162 1848 241 1888 sexus
257 1835 366 1905 omissi,
390 1836 462 1908 quod
479 1837 563 1893 ualuit
585 1845 789 1908 testamentum,
811 1837 958 1908 agnatione
975 1842 1112 1908 rumpunt.
1171 1850 1172 1854 ¹

119 1981 121 1985 ,
147 1913 206 1973 tu.
229 1917 297 1985 Eos,
321 1920 407 1993 quiin
423 1930 502 1977 utero
518 1929 597 1993 sunt,
621 1924 644 1976 si
664 1922 720 1977 nati
735 1922 777 1975 sui
792 1920 905 1975 heredes
928 1916 1005 1973 nobis
1028 1916 1113 1973 luturi

162 1996 251 2075 ’siut‚⁶
271 2018 418 2076 possumus
438 2006 579 2062 instituere
597 2004 723 2060 heredes:
743 2004 767 2058 si
787 2001 894 2075 quidem
915 2009 978 2073 post
998 2007 1113 2056 mortem

161 2094 282 2142 nostram
304 2099 464 2162 nascantur,
488 2105 520 2145 es
542 2090 600 2144 iure
622 2087 709 2156 eluili;
732 2087 754 2141 si
770 2100 835 2141 uero
852 2083 1005 2141 uiuentibus
1022 2083 1110 2155 nobis,
1123 2098 1183 2147 [auo]

165 2185 198 2225 ex
211 2169 273 2244 lege
287 2163 400 2226 ’lunia.⁷

227 2250 277 2311 20.
303 2253 401 2329 Filius,
418 2259 463 2331 qui
479 2259 505 2312 in
520 2265 655 2330 potestate
671 2265 726 2325 est,
743 2255 764 2310 si
781 2270 836 2309 non
851 2255 1009 2309 instituatur
1024 2252 1111 2323 heres,

236 2410 256 2479 ¹)
272 2412 316 2460 Ad
332 2413 371 2473 ἐξ.
388 2419 482 2459 14-22.
503 2408 537 2470 ef.
555 2406 611 2456 Gai.
626 2418 651 2463 2,
666 2416 704 2456 raa
723 2420 790 2468 seqq.
809 2405 847 2452 tit.
869 2403 891 2451 I.
911 2403 942 2451 de
961 2401 1048 2451 eseber.
1070 2401 1112 2450 lib.

163 2485 195 2551 (2,
211 2482 254 2549 ta).
270 2485 293 2544 ξ.
304 2494 324 2532 2.
339 2482 361 2531 I.
377 2480 408 2528 de
422 2479 477 2528 lter.
492 2479 559 2542 qual.
575 2475 660 2542 (219).
681 2475 709 2524 F.
725 2475 757 2523 Α.
772 2473 899 2537 Sabilliny
914 2471 1028 2523 Beanerlr.
1041 2487 1068 2535 p.
1079 2482 1112 2523 82.

165 2553 185 2620 2)
203 2554 347 2608 Geminabit
363 2552 397 2614 ef.
413 2549 466 2599 FlI.
478 2564 505 2612 p.
520 2558 567 2599 att.
633 2544 653 2613 ³)
673 2546 735 2597 Vae.
750 2561 809 2610 quo,
824 2545 892 2608 quod
905 2544 947 2593 itia
961 2542 1036 2592 babet
1054 2542 1112 2591 Vat.

160 2627 311 2691 sopitivum,
325 2638 372 2673 suo
387 2625 444 2672 laea
458 2620 616 2668 restituimus
629 2619 744 2681 sequenti
757 2619 788 2678 §a
804 2622 864 2665 ante
878 2630 931 2664 voe.
947 2615 1055 2676 scriptis,
1071 2613 1115 2661 ubi

163 2699 191 2746 in
205 2696 264 2746 Vat.
275 2702 299 2743 et
308 2695 366 2743 edd.
377 2688 582 2741 desiderabatur.
630 2685 651 2752 ⁴)
667 2688 725 2739 Vid.
737 2694 788 2735 not.
799 2699 832 2746 3.;
848 2692 988 2734 testamento
999 2684 1113 2745 scriptum

162 2765 275 2815 heredem
294 2761 623 2827 Ulp.etiamdimitta,1a.
650 2758 715 2806 Cave
733 2772 793 2806 vero
809 2758 967 2819 particulam
985 2755 1028 2803 laia
1046 2753 1111 2801 desi·

163 2837 259 2885 derare
268 2833 464 2887 adversativam,
478 2843 543 2893 quae
554 2843 600 2877 aee
612 2827 668 2878 Gai.
679 2839 699 2885 2,
710 2838 756 2878 224.
772 2828 870 2876 excidit
875 2843 885 2882 ,·
899 2829 957 2874 iure
967 2825 1040 2874 ciuili
1048 2825 1114 2873 enim

160 2905 320 2969 praeteritae
346 2901 394 2950 bae
418 2914 524 2948 suorum
542 2912 671 2962 personae
692 2913 742 2947 uon
764 2904 856 2946 eontra
877 2901 1049 2945 testamentum
1069 2893 1116 2942 aed

164 2976 240 3039 quasi
257 2974 335 3021 tacite
354 2971 486 3019 institutae
505 2982 540 3016 ex
558 2975 704 3018 testamento
723 2967 829 3017 heredes
844 2968 919 3029 fiunt.
984 2962 1007 3030 ⁶)
1021 2978 1114 3028 quoque

169 3045 227 3094 Vat.
247 3043 318 3100 ead,
337 3041 406 3105 quad
423 3041 583 3103 apertissime
602 3054 651 3087 aon
674 3045 712 3087 est
725 3038 801 3087 buius
816 3040 881 3093 loei,·
901 3035 1116 3085 contradicendi

163 3121 240 3166 erant
254 3113 387 3178 quicunque
402 3111 472 3160 liberi
485 3111 539 3159 siue
555 3117 582 3158 ut
596 3117 634 3158 est
648 3111 671 3170 ξ.
683 3123 702 3159 1.
718 3108 739 3156 I.
755 3109 779 3157 b.
795 3115 812 3158 t.
829 3105 951 3172 ‘quolibet
964 3121 999 3154 eae
1013 3099 1112 3154 liberis'

164 3189 182 3236 i.
197 3201 218 3235 e.
233 3187 407 3246 cuiuscunque
419 3181 534 3246 produn:
549 3181 583 3243 af.
601 3179 657 3229 Gai.
673 3193 693 3236 1,
708 3190 742 3242 23,
757 3191 777 3236 a,
787 3190 821 3230 22.
847 3179 941 3226 Vitium
955 3190 1016 3225 vera
1029 3179 1115 3222 natum

160 3263 226 3320 putu
245 3271 279 3305 ea
297 3253 480 3316 notaqu‘c'quo.
533 3246 553 3314 ⁶)
568 3257 623 3298 sunt
642 3249 699 3298 Vat.
715 3250 772 3299 edd.
825 3245 844 3314 ⁷)
860 3249 916 3296 iulia
936 3246 994 3294 Vat.
1009 3250 1037 3292 ut
1052 3242 1114 3290 Calai.

164 3329 187 3388 ἓ.
197 3339 218 3378 a.
237 3326 259 3375 Ῑ.
275 3327 307 3375 de
320 3323 442 3374 exhered.
458 3321 489 3387 (2,
500 3320 544 3386 to).
565 3320 603 3383 Of.
615 3320 759 3375 Mommsen.
775 3321 801 3368 ia
811 3317 901 3369 Jahrb.
912 3317 937 3364 d.
946 3330 1009 3379 pem.
1022 3312 1116 3362 Recito

164 3395 201 3444 11.
222 3411 250 3459 p.
270 3408 317 3448 ttae.
356 3394 409 3444 Sea
432 3398 548 3457 praestat
571 3406 636 3440 eoos.
658 3407 682 3441 a.
703 3402 737 3442 aa.
760 3393 838 3455 lepem
859 3388 960 3436 Iuniam
987 3383 1116 3432 Vellaeam

164 3468 298 3530 assipnari
312 3480 388 3529 ponae
407 3480 481 3528 quam
496 3465 522 3511 in
537 3461 630 3511 talibus
648 3461 725 3510 rebus
743 3461 817 3509 maiis
837 3457 911 3507 coda.
923 3456 1000 3519 fidem
1014 3454 1115 3504 babere.

165 3536 204 3584 De
219 3538 273 3601 lepe
288 3537 428 3586 certissima
443 3533 489 3583 sub
508 3532 609 3582 Tiberio
624 3535 677 3581 lata
692 3531 726 3594 as.
745 3530 800 3580 Gai.
816 3541 836 3587 1,
851 3539 897 3579 1³6.
