2452 3840
165 177 228 240 620
446 197 549 234 noman
566 194 673 233 vastum
690 196 758 232 tnsu.
777 197 834 231 nso.

165 333 237 370 nune
255 317 298 370 ed.
317 316 455 384 Kruegeri
471 317 490 370 1.
510 333 531 370 c.
550 334 578 393 p.
597 323 646 370 160
663 333 729 384 seq„
748 317 785 370 ad
802 333 887 384 quam
904 317 977 371 hono
994 319 1118 372 nostram

164 383 287 450 tertiam,
306 384 431 437 codicem
449 384 485 437 ab
504 398 537 437 eo
555 385 713 452 mspeotum
735 388 810 438 Vina.
828 383 1019 452 insignientes,
1037 386 1117 438 insti-

163 451 277 513 tuimus,
295 451 334 504 sio
351 453 447 504 tamen
465 453 498 503 ut
513 451 577 503 loos
593 451 692 504 harum
710 450 928 516 Institutionum,
947 468 1020 519 quse
1037 468 1117 520 prae-

164 520 243 572 terea
255 519 412 586 supersunt,
427 533 556 585 quaeque
566 517 803 584 quemadmodum
813 533 843 571 se
854 519 1024 588 exceperint,
1033 521 1119 573 modo

165 585 293 652 diximus,
311 601 367 637 uno
386 586 513 652 excepto,
532 599 588 637 non
607 587 807 652 repeteremus.

536 788 746 796 —————.

340 960 536 1033 VLPIANI
561 959 936 1036 INSTITVTIONVM

489 1083 611 1142 nisse
629 1083 786 1144 pernas

511 1258 560 1298 ns.
577 1258 599 1296 1.
615 1234 768 1318 (antean).

224 1347 249 1408 1.
274 1343 458 1407 ¹Preoan'um
475 1359 524 1417 est,
542 1352 619 1422 quod
628 1353 767 1423 precihus
779 1355 889 1424 petenti
901 1353 1036 1410 utendum
1048 1370 1115 1411 con·

164 1438 275 1493 ceditur
295 1437 418 1506 tamdiu,
439 1436 574 1506 quamdiu
589 1437 630 1504 is,
652 1439 702 1507 qui
715 1439 872 1507 concessit,
885 1441 1006 1509 patitur.
1042 1440 1119 1510 quod

161 1536 253 1593 penus
267 1512 467 1576 liberalitatis²
487 1534 525 1575 ea
539 1522 602 1574 iure
617 1523 740 1592 pontium
755 1521 910 1576 deseendit.
955 1528 982 1576 et
996 1523 1115 1578 distata

163 1606 315 1661 donatione
330 1620 377 1672 eo,
395 1605 471 1674 quod
485 1605 535 1674 qui
547 1603 647 1671 donat,
671 1607 713 1658 sie
727 1604 793 1672 dat,
813 1619 849 1658 ne
864 1607 1000 1674 recipiat;
1022 1612 1053 1661 at
1067 1609 1118 1677 qni

159 1691 297 1759 precario
313 1688 453 1756 coneedit,
469 1690 511 1742 sle
526 1687 583 1755 alat,
601 1689 685 1758 quasi
698 1693 767 1742 tuno
783 1693 966 1758 recepturas,
983 1703 1048 1745 oum
1063 1689 1117 1745 sili

161 1771 278 1827 libuerit
289 1773 459 1841 precarium
475 1772 597 1828 soluere.
633 1777 660 1825 et
675 1777 717 1827 est
731 1770 820 1826 simile
837 1772 1028 1828 commodato:
1048 1789 1115 1828 nam

162 1862 190 1910 et
205 1852 257 1926 qui
270 1855 427 1910 commodat
441 1869 510 1922 rem,
527 1857 568 1910 sio
584 1855 751 1924 commodat,
765 1861 798 1910 ut
811 1871 867 1912 nan
880 1855 978 1926 faeiat
992 1871 1054 1912 rem
1066 1873 1114 1913 ao·

56 1941 309 2011 sinnaritanus,
326 1939 378 1994 sed
391 1944 422 1993 ut
437 1941 464 1993 ei
477 1930 525 2014 atii
539 1953 568 1992 re
583 1938 752 1993 commodata
766 1940 913 2011 pennittat.

90 2013 130 2061 fin.
226 2017 254 2078 2.
278 2020 407 2078 Locatum
430 2027 587 2095 quoquest
610 2020 772 2077 conductum
793 2023 835 2077 ius
855 2023 978 2095 gentiam
998 2021 1114 2080 induxit.

164 2122 226 2162 nam
249 2121 281 2161 ex
303 2121 358 2180 quo
381 2106 519 2178 coepimus
541 2106 728 2178 possessiones
750 2104 918 2178 proprisset
939 2121 983 2161 res
1005 2105 1114 2176 habere,

163 2197 190 2246 el
211 2189 318 2246 locandi
341 2181 511 2266 ’(nostrus)³
532 2190 686 2246 iusnenoti
708 2204 813 2259 sumus,
836 2196 864 2245 et
884 2189 1051 2247 conducendi
1071 2205 1116 2246 res

162 2273 277 2347 alienas3
302 2281 329 2328 et
350 2275 387 2343 is,
411 2275 457 2345 qui
480 2271 624 2343 conduxit,
646 2274 704 2328 iure
726 2272 848 2344 gentium
869 2281 978 2329 tenetur
992 2273 1024 2329 ad
1046 2290 1115 2330 mer·

162 2356 254 2413 eedem
270 2349 475 2433 exisoluendam
492 2359 616 2413 locatori
620 2379 630 2419 ;
650 2359 675 2411 is
690 2369 776 2424 nero,
796 2358 846 2426 qai
857 2358 979 2428 locauit,
1003 2358 1115 2414 adrem

158 2441 385 2514 praestandam,
400 2447 431 2496 ut
447 2443 535 2497 alteri·
546 2443 588 2496 uti
601 2441 648 2496 uel
659 2438 727 2511 frui
740 2452 775 2494 ea
789 2433 902 2496 licenti

499 2594 548 2635 sn.
563 2592 588 2633 11
604 2568 697 2653 (antea
709 2571 772 2647 111).

223 2682 248 2743 1.
266 2680 288 2742 ⁵.
302 2727 328 2746 ..
343 2729 350 2743 .
366 2689 446 2744 uelut
458 2687 484 2742 si
493 2695 591 2742 mutua
603 2688 731 2758 pecunia
743 2687 793 2742 tibi
801 2688 870 2743 data
886 2690 931 2759 sit,
947 2703 1004 2743 non
1016 2688 1114 2744 eadem

56 2777 150 2827 tol.1.b.
162 2773 260 2842 utique
282 2774 453 2826 numismata
470 2762 473 2846 l
491 2769 590 2838 reddis,
613 2786 680 2842 quse
703 2771 844 2844 accepisti,
866 2769 1010 2826 sedaliam
1032 2786 1114 2844 pecu·

88 2848 129 2897 fln-
161 2853 231 2908 niam
248 2853 366 2909 eiusdem
383 2854 549 2925 quantitatis.
578 2851 787 2910 Mutuseautem
799 2853 856 2909 dari
870 2860 985 2926 possunt
1000 2869 1043 2911 res
1059 2870 1113 2910 non

161 2935 227 2992 eliae
242 2951 322 3009 quam
339 2952 407 3010 quse
422 2936 551 3009 pondere,
566 2952 692 3008 numero,
707 2953 832 2993 mensure
847 2939 1029 3011 conduentur.

235 3101 254 3170 ¹)
273 3103 321 3154 Est
335 3104 366 3154 L.
381 3117 401 3154 1.
421 3104 453 3154 D.
468 3105 500 3154 de
510 3119 617 3168 precor.
632 3104 677 3169 (tu,
692 3103 736 3168 aa).
788 3101 810 3170 ¹)
827 3105 953 3169 Ulpianus
966 3105 1115 3162 addiderat,

162 3183 189 3225 ul
203 3178 305 3240 opinor,
321 3172 356 3225 ‘et
370 3172 473 3239 ipsunt’.
498 3175 583 3225 Antea
593 3190 653 3225 vero
663 3175 696 3225 de
706 3177 845 3226 donatione
854 3176 1008 3226 disseruisse
1017 3176 1113 3224 omnia·

162 3262 209 3310 que
223 3248 326 3311 repotia
340 3248 407 3295 iaris
419 3247 532 3310 gentiunt
546 3248 584 3295 ita
598 3245 734 3296 ordinasse
747 3248 862 3306 uidetur,
881 3254 909 3295 ul
927 3245 958 3295 ab
977 3245 1028 3302 tris,
1048 3260 1114 3308 quae

161 3331 196 3365 ex
210 3317 366 3366 liberalitate
379 3319 496 3375 ueniant,
511 3331 622 3366 exorsus
637 3317 673 3365 ud
686 3331 729 3376 ea,
745 3332 809 3381 quae
824 3317 944 3365 utilitatis
958 3329 1038 3363 eausa
1053 3330 1112 3364 eon·

161 3388 313 3450 traduntur,
324 3394 454 3452 perperet.
519 3384 540 3451 ³)
554 3386 685 3449 Suppleoi.
750 3385 771 3453 ⁴)
785 3387 941 3436 Sententiam
954 3387 1077 3449 supplevi.

162 3453 183 3522 ⁶)
197 3456 355 3507 Sententiam
369 3459 532 3521 aliquatenus
544 3459 668 3520 supplevi.
694 3457 731 3521 Of.
742 3456 819 3521 pnI.
835 3454 901 3520 quid.
912 3456 976 3505 mod.
987 3471 1016 3506 re
1031 3462 1114 3506 contr.

162 3524 192 3591 (s,
207 3525 252 3592 14).
