2452 3840
300 187 403 223 nourrrr
421 186 528 224 veritur
545 187 643 223 sunau.
663 169 761 224 XXIV.
781 175 893 224 26-28.
1008 166 1068 231 607

117 318 228 390 pertitio
244 310 444 388 appellatur:¹
467 324 496 372 ut
512 324 577 389 puta
593 308 675 395 (hoc)
690 317 785 373 modo:
807 331 908 375 nunus
919 332 997 374 uuus
1010 329 1073 373 cunr

118 415 206 459 r1r1o
227 415 453 457 nussurrnrsu
471 415 909 472 uunurnsr1ro,n1v1o1ro;
933 415 987 472 quo
1008 415 1072 455 essu

118 484 223 541 dimidio
239 500 299 558 pars
314 483 448 540 honorum
465 478 564 540 'Titio²
584 483 672 558 legate
688 484 810 540 uidetur:
831 491 923 558 potest
938 491 1029 540 autem
1044 490 1072 539 et

40 609 42 613 -
118 569 166 625 slis
182 585 261 641 pars,
277 567 353 624 uelut
368 569 447 624 tertis
462 566 539 624 uelut
554 576 664 640 quarta,
681 567 779 642 legari.

180 647 230 708 26.
255 645 449 707 ³Ususiructus
471 651 556 725 legari
580 659 672 724 potest
693 652 751 707 iure
770 651 843 708 ciuili
858 666 949 707 esrum
969 667 1072 723 rerum,

117 729 255 808 ’quarum⁴
268 734 342 791 salua
359 735 508 791 substantia
522 735 721 792 utendiirucndi
740 735 868 809 ’potestas
884 743 926 792 est
945 742 972 790 et
986 733 1069 790 iocul-

46 822 107 873 [ors]
118 813 188 887 tas;⁵
204 828 232 875 et
247 827 302 881 tum
316 819 483 892 singulorum
498 835 598 888 rerum,
612 835 690 892 quam
706 811 850 892 plurium.⁶
877 813 924 876 27.
941 810 1072 875 ⁷Senntus

119 903 243 959 consulto
259 910 366 958 cautum
381 910 440 974 est,
464 911 494 958 ut
509 903 613 959 etiamsi
628 919 719 959 eorum
734 919 838 969 rerum,
860 917 928 975 quse
942 902 971 957 in
986 900 1071 958 abusu
1082 911 1179 963 iotha

119 988 310 1057 continentur,
330 995 361 1042 ut
375 992 441 1060 puta
458 978 461 1063 i
481 988 552 1056 uini,
575 987 642 1056 olei,
666 987 747 1042 tritici
769 985 941 1042 ususfructus
964 985 1071 1060 legatus

118 1071 169 1140 sit,
189 1069 320 1144 legatorio
335 1085 379 1126 res
397 1069 551 1141 trudantur,
572 1069 742 1126 cautionibus
761 1071 928 1144 interpositis
944 1069 977 1126 de
993 1071 1071 1124 resti·

118 1153 225 1210 tuendis
242 1156 295 1223 cis,
313 1171 374 1211 cum
389 1153 560 1210 ususfructus
576 1153 608 1210 ud
624 1152 783 1228 legatarium
798 1155 936 1228 pertinere
951 1152 1070 1213 desierit.

180 1234 229 1295 28.
254 1231 426 1293 8ciuitatibus
450 1236 587 1308 omnibus,
611 1254 679 1310 quse
700 1237 751 1294 sub
774 1239 886 1311 imperio
907 1238 1005 1311 populi
1019 1236 1072 1293 iio·

118 1323 188 1377 muni
210 1328 288 1385 sunt,
312 1321 397 1393 legari
418 1329 525 1392 potest3
548 1320 630 1393 idque
651 1337 666 1376 a
688 1321 752 1376 diuo
767 1321 855 1379 Nerua
876 1320 1071 1391 introductum,

118 1413 212 1476 postea
228 1420 242 1459 a
257 1411 353 1458 senatu
369 1410 480 1458 auctore
495 1401 634 1458 Hadriano
652 1403 809 1477 diligentius
826 1405 1004 1463 constitutum
1020 1411 1070 1458 est.

119 1630 142 1673 et
156 1624 192 1672 ad
205 1624 345 1688 marpinem
359 1621 490 1688 ablepata,
501 1629 593 1686 postea
609 1623 635 1670 in
646 1623 699 1685 fine
712 1624 735 1683 §-
750 1633 783 1674 25.
798 1623 863 1673 hacc
876 1622 954 1673 uerba
969 1625 1072 1673 intrusa

118 1709 180 1752 esse,
195 1693 257 1742 mitri
267 1707 421 1756 persuasum
435 1700 479 1742 est.
539 1689 559 1758 ¹)
573 1692 647 1742 Haec
661 1706 759 1756 quoque
773 1692 851 1743 uerba
865 1693 931 1742 idem
945 1693 1072 1743 librarius

119 1765 143 1812 t.
159 1765 503 1820 emmerammenses
520 1760 566 1828 (cf.
584 1763 641 1812 Gai.
655 1773 681 1823 2,
695 1761 745 1827 254)
760 1765 861 1827 expulit
879 1771 904 1814 et
922 1766 949 1814 in
964 1766 1017 1828 fine
1036 1766 1071 1826 gi,

120 1832 163 1882 ubi
177 1834 234 1882 edd.
249 1849 280 1882 ea
293 1835 464 1891 retinuerunt,
479 1835 563 1896 inepte
573 1834 682 1888 locauit,·
695 1837 824 1896 capellare
834 1842 916 1884 autem
925 1850 989 1885 sane
998 1834 1071 1885 debe·

119 1903 169 1960 bat,
184 1904 209 1952 si
221 1902 271 1951 sibi
286 1903 419 1953 constabat
432 1901 494 1968 (uid.
510 1911 561 1953 not.
576 1901 701 1969 anteced.)
706 1920 717 1960 ;
735 1906 838 1968 eiusque
852 1907 1013 1955 constantiae
1026 1920 1071 1954 ar·

117 1980 261 2039 pumentum
275 1980 320 2032 est,
336 1974 404 2038 quod
418 1975 493 2022 etiam
509 1970 580 2023 ‘doc'
592 1980 685 2036 postea
699 1975 790 2031 omisit,
805 1973 949 2023 arbitratus
962 1975 1071 2032 scilicet,

119 2044 161 2093 dic
175 2047 316 2107 exemptum
331 2041 453 2093 ‘summae
468 2045 649 2092 uniuersarum
662 2058 750 2093 rerum
763 2041 873 2107 leputae'
890 2044 1032 2102 excidisse,
1047 2050 1072 2093 et

120 2111 216 2164 ‘modo'
232 2129 322 2164 nouam
335 2117 443 2178 speciem
458 2116 538 2179 leputi
552 2115 680 2176 incipere,
695 2129 760 2177 quae
774 2120 840 2163 esset
853 2116 973 2177 partitio.
1001 2114 1033 2164 In
1047 2130 1070 2164 u.

121 2181 290 2247 ‘appellatur'
306 2200 367 2234 uero
382 2184 478 2248 infelix
491 2184 564 2234 domo
578 2183 661 2233 haesit
674 2185 780 2247 ideoque
791 2187 909 2234 lacunam
918 2187 1023 2248 reliquit
1033 2183 1071 2250 (in

120 2271 170 2318 qua
183 2257 314 2305 recentior
328 2269 419 2304 munus
432 2255 461 2303 id
474 2269 508 2303 ea
522 2255 626 2319 inperio
639 2251 784 2319 suppleuit),
799 2255 860 2318 quia
874 2269 904 2303 eo
917 2257 982 2315 ioco,
999 2271 1071 2319 quem

120 2326 170 2374 iam
183 2325 224 2374 iis
238 2326 323 2374 uerbis
337 2327 525 2391 ussipnauerat,
535 2325 603 2374 nanc
613 2326 841 2375 constructionem:
855 2339 913 2389 quae
924 2325 1018 2388 species
1027 2340 1072 2389 por

120 2395 181 2443 Titio
197 2397 224 2444 in
238 2398 349 2445 animum
362 2395 413 2445 sibi
426 2393 576 2446 inculcavit.
627 2391 648 2460 2)
662 2393 813 2446 EaScitult.
824 2397 856 2459 ς).
867 2396 966 2454 addidi,
977 2397 1071 2446 cumin

125 2464 183 2514 Vat.
198 2465 223 2515 it,
239 2467 255 2514 t.
269 2468 406 2529 spatiolum
419 2463 482 2531 (non
498 2467 625 2516 intellecto
639 2481 675 2516 sc.
690 2467 724 2515 tio
738 2488 772 2510 --=
787 2467 863 2529 Titio;
879 2467 901 2516 ei
910 2466 958 2532 Bp.
970 2464 1014 2532 ej.)
1028 2482 1071 2517 re-

32 2568 40 2579 ,
120 2537 207 2584 lictum
221 2537 262 2584 sit.
288 2535 351 2584 Post
365 2550 417 2598 pro
436 2538 518 2587 attero
537 2537 602 2585 uelut
616 2539 698 2587 malim
713 2538 758 2586 uei.
824 2533 899 2602 ³)Cf.
910 2553 954 2600 pr.
969 2539 991 2598 ξ.
1008 2536 1070 2589 1.I.

119 2604 151 2653 de
166 2605 249 2666 usufr.
264 2602 295 2669 (s,
309 2603 341 2669 t).
365 2605 396 2654 L.
412 2617 438 2656 as
450 2606 495 2669 fin.
519 2606 551 2654 D.
571 2607 602 2657 de
621 2609 704 2671 usafr.
719 2610 767 2671 lep.
782 2605 831 2672 (so,
846 2606 877 2670 2).
903 2607 955 2657 Cic.
973 2606 1034 2669 Tap.
1049 2619 1071 2658 s.

119 2676 158 2736 ἐξ.
170 2685 202 2726 15.
214 2686 246 2725 lt·
298 2672 320 2740 ⁴)
340 2674 478 2724 Videamus
492 2691 524 2725 ne
537 2676 586 2727 irae
597 2678 695 2740 factum
708 2679 743 2726 sit
756 2691 790 2725 em
804 2691 835 2738 qu
845 2674 907 2739 (pro
922 2673 956 2738 qb
970 2697 1003 2717 =
1019 2678 1071 2739 qui·

118 2745 173 2810 bus)
188 2759 277 2794 esrum.
335 2741 357 2811 ὅ)
371 2753 450 2809 potest
463 2753 500 2797 22.
515 2747 613 2796 facultas
633 2747 691 2797 Vat.
711 2752 790 2808 potest
808 2759 861 2794 esse
880 2746 979 2794 incultus
997 2748 1071 2803 edd:

119 2817 187 2880 quod
205 2817 319 2880 quamuis
338 2819 467 2867 molestum
481 2819 601 2875 tulissem,
616 2818 668 2866 nisi
682 2817 742 2865 ittae
757 2823 832 2866 natae
846 2830 926 2880 aeque
937 2817 1019 2880 facile
1034 2819 1071 2867 ita

120 2894 146 2934 nt
160 2901 207 2950 epo
223 2887 291 2949 feci,
310 2889 508 2950 explicarentur
526 2895 551 2936 et
569 2886 693 2951 Ulpianus
706 2886 738 2936 L.
753 2898 786 2937 21.
806 2889 829 2949 ἕ.
844 2897 864 2938 2.
888 2887 920 2935 D.
935 2888 967 2936 de
981 2891 1070 2938 noscat.

119 2963 169 3005 act.
191 2953 227 3020 (s,
244 2955 268 3020 4)
285 2959 390 3019 pariter
414 2955 575 3020 ‘facultatem
595 2964 619 3007 et
635 2954 796 3020 potestatem’
823 2959 1014 3015 coniunxisset·
1035 2958 1070 3021 cf.

118 3027 195 3075 etiam
212 3040 294 3088 supra
310 3038 391 3085 24,15.
465 3024 486 3092 ⁶)
506 3027 565 3077 Hoc
581 3027 696 3084 addidit,
715 3028 784 3091 quod
802 3029 878 3076 etium
892 3030 1071 3078 uniuersorum

118 3111 206 3145 rerum
219 3109 339 3144 summam
360 3098 445 3161 tepori
458 3111 536 3159 posse
554 3103 631 3146 antea
648 3097 762 3146 dixerat.
798 3097 911 3146 Ceterum
930 3100 964 3161 cf.
980 3106 1072 3149 not.10

119 3166 154 3216 ud
167 3177 201 3224 22,
216 3176 250 3218 25.
302 3162 322 3230 ⁷)
338 3165 376 3228 Os.
392 3168 416 3228 ξ.
430 3177 451 3216 2.
475 3165 544 3216 I.de
558 3167 641 3230 usufr.
656 3167 741 3230 ibique
754 3164 894 3216 Schrader.
947 3165 968 3232 ⁸)
985 3168 1022 3228 Cf.
1038 3167 1070 3216 L.

119 3248 165 3288 117.
185 3245 227 3288 122
242 3251 283 3300 pr.
304 3235 335 3284 L.
350 3247 384 3288 22.
404 3237 427 3298 9.
447 3247 467 3286 2.
488 3236 520 3284 D.
540 3237 571 3285 de
585 3239 633 3301 lep.
648 3249 668 3287 1.
689 3237 795 3288 Callatis
809 3247 847 3296 22,
861 3249 882 3286 t.
897 3248 918 3287 5.
937 3236 1000 3286 iaec
1014 3252 1071 3286 sen·

118 3309 198 3357 tentia
208 3308 322 3372 supitiua
332 3321 387 3356 esse
398 3306 483 3355 uideri
495 3308 587 3369 possit,
600 3308 721 3369 ponenda
730 3314 790 3370 post
802 3308 825 3368 ξ.
836 3318 868 3358 12.
890 3305 943 3356 Sed
956 3309 1071 3370 exempto

118 3378 158 3439 ἐξ.
173 3389 268 3429 12-12.
289 3375 351 3443 (uid.
372 3376 408 3426 ibi
427 3384 478 3427 not.
494 3374 539 3440 11.)
563 3375 688 3440 (lipsiunus
705 3377 870 3428 universitati
888 3392 987 3434 rerum,
1007 3392 1072 3440 quae

119 3448 190 3510 ipsae
207 3462 345 3512 quarumve
361 3447 458 3511 ususfr.
478 3449 609 3512 turparetur
622 3445 671 3512 (ἐξ.
686 3459 720 3502 25.
735 3445 792 3513 tu),
812 3448 1014 3506 uniuersitatem,
1029 3449 1072 3498 cui

118 3519 203 3583 tepori
212 3525 309 3582 posset,
323 3520 471 3583 opposuisse
486 3518 597 3569 uidetur.
