2452 3840
291 219 394 256 nourrn
411 217 518 255 vernat
536 201 568 269 (i)
587 217 684 254 sorau.
703 219 738 253 oa
756 217 818 252 1vaa
836 216 911 253 eroco
1011 199 1071 264 637

56 355 115 403 [aas]
190 342 601 422 *aeaeartcaperepossiti
1085 344 1181 393 roilo.

189 430 214 490 l.
237 433 334 489 Herodi
349 435 417 503 eius,
432 432 488 505 ’qui
503 427 616 505 capere²
632 436 636 498 Ι
653 449 707 488 non
723 440 839 505 poterat,
855 429 997 486 deserendi
1009 439 1013 496 t
1027 446 1076 503 po·
1097 413 1164 462 ⁰⁰¹·³

127 525 210 574 testas
220 532 348 573 concessa
361 509 453 589 (raon)³
467 524 520 587 est,
536 518 589 573 nisi
602 521 629 574 si
639 509 767 581 ositendi⁴
781 516 878 589 possit,
895 517 953 570 eius
968 515 1077 571 'uolun-

127 596 214 658 tatis⁵
230 609 235 662 Ι
252 601 399 676 decessisse
414 601 592 673 defunctum,
609 604 613 667 1
630 609 661 656 ut
676 599 780 655 deferre
796 615 825 654 sc
840 593 950 655 uellet.⁶
966 606 970 663 1
1100 601 1113 641 5

189 681 216 746 2.
240 677 403 757 ⁷Antequarn
427 687 488 757 quis
510 684 542 739 ab
565 685 617 739 alio
641 683 802 752 detestatur,
830 685 888 755 ipse
911 698 941 738 se
963 681 1113 748 caterpam

128 769 222 840 dehet,
245 769 309 824 alias
332 785 393 824 sero
411 777 415 829 Ι
431 769 461 823 ad
478 768 603 839 auxilium
624 767 774 834 delatioinis
790 767 921 840 confugit.
968 765 1040 837 quod
1056 767 1078 820 si

128 871 177 927 per
194 862 198 914 Ι
214 868 334 908 errorem
349 868 379 908 se
394 851 544 923 detuletrit‚
567 851 633 907 nihil
648 854 671 907 ei
695 849 780 907 oificit
800 849 1005 917 intconsidsrata
1019 849 1078 904 dili·
1089 857 1114 897 15

128 938 254 1011 gentiat

190 1018 218 1077 3.
243 1013 299 1074 ⁸ius
314 1027 421 1092 patrum
436 1036 491 1075 non
507 1022 658 1090 minuitur,
677 1020 782 1075 sisois
798 1018 909 1089 deierat,
931 1019 977 1092 qui
994 1026 997 1081 Ι
1014 1015 1078 1072 soli·

128 1105 191 1160 dum
205 1103 241 1167 id,
257 1103 329 1176 quod
345 1104 478 1172 relicitum
493 1112 545 1175 est,
561 1120 655 1177 capere
668 1120 722 1158 non
735 1110 837 1176 potest.
874 1112 946 1160 satne
963 1094 1000 1156 si9
1015 1108 1079 1174 post
1088 1105 1114 1146 2⁰

127 1188 197 1244 diem
212 1189 395 1253 centesiimum
410 1196 501 1260 patres
522 1187 671 1254 caducum!
690 1187 845 1259 uindicem,
868 1187 976 1242 omnino
994 1193 999 1248 Ι
1014 1183 1079 1240 fisco

127 1271 203 1328 locus
219 1287 274 1327 non
290 1264 370 1328 cst.¹⁰
387 1280 391 1332 Ι

190 1351 220 1410 4.
243 1353 272 1409 Si
293 1370 322 1409 sc
344 1356 366 1408 is
389 1354 501 1420 deierat,
524 1356 568 1410 cui
590 1355 687 1421 tacii'te
705 1357 836 1411 retiatum
852 1360 904 1425 est,
918 1351 1182 1425 praemiumaacoltr.

144 1431 225 1494 ert.¹¹
242 1440 246 1503 Ι

126 1437 146 1509 f
191 1521 235 1580 4⁸.
248 1520 426 1577 ’Emerenon
436 1528 530 1593 potest
539 1538 554 1578 e
563 1527 716 1594 prouincia
726 1526 761 1594 is,
770 1527 820 1595 qui
828 1525 854 1578 ei
863 1513 1080 1592 praeest,¹²nee

127 1607 182 1663 trae
191 1605 393 1677 consideratur,
401 1606 647 1678 quiscantrallrat:
658 1608 869 1678 ceterumsr'per
878 1607 1079 1676 interpositam

128 1706 270 1762 personam
284 1683 573 1761 comparassel¹³rem
585 1697 736 1765 arguatur,
745 1693 877 1746 damnum
887 1693 892 1757 i
898 1693 1012 1760 patitur
1023 1689 1080 1743 eius
1103 1696 1117 1737 t

204 1862 223 1930 ¹)
237 1880 271 1914 eac
286 1865 334 1914 Kr.
350 1867 389 1914 ed.
404 1867 478 1917 initio
493 1881 581 1916 uersus
594 1864 831 1931 *i(?)oq(?)u(i)a(?)t
847 1864 903 1915 CK'.
934 1866 1024 1914 Fuisse
1038 1879 1080 1913 su·

129 1938 217 2000 spicer
232 1936 343 1985 duntaxat
360 1935 444 1986 Antea
458 1937 501 1987 dic
515 1951 604 1986 uersus
618 1938 698 1985 tectus
716 1951 766 1985 noo
781 1942 845 1984 erat.
879 1935 941 1985 Tota
954 1936 1081 1984 sententia

127 2008 223 2071 fuerit:
239 2003 362 2069 ‘Deferre
376 2022 403 2056 se
413 2005 500 2071 pote'st
513 2015 537 2056 et
551 2009 582 2064 is,
593 2009 637 2070 qui
646 2007 755 2056 solidum
765 2008 841 2070 cepit,
856 2008 969 2069 quamuis
979 2012 1081 2068 partem

130 2079 258 2127 duntaxat
273 2092 358 2140 capere
373 2079 458 2141 possit.
533 2074 602 2144 ²)ex
616 2077 665 2126 Kr.
680 2078 719 2126 ed.
734 2077 758 2125 ui
773 2091 785 2124 e
800 2077 852 2125 uita
866 2072 969 2125 cedens’
985 2075 1080 2125 Boeeir.

128 2149 267 2197 secundum
281 2148 386 2196 Lartem.
401 2163 432 2197 me
448 2155 509 2211 apta
523 2149 623 2212 quidem
636 2149 770 2197 sententia.
799 2147 839 2210 qui
854 2149 905 2210 quit
919 2161 1008 2210 capere
1022 2147 1079 2195 edd.

129 2233 198 2267 meae
213 2230 233 2268 1.
248 2228 268 2266 2.
287 2218 334 2267 sed
352 2220 453 2268 litteras
471 2219 492 2266 θ’
512 2220 552 2282 qui
571 2233 662 2268 errore
680 2220 803 2280 repetitas
822 2217 948 2266 librarius
967 2217 1081 2267 induerit.

129 2288 168 2337 De
178 2303 207 2337 re
218 2288 252 2351 cf.
263 2287 294 2336 L.
306 2299 339 2339 aa.
350 2303 393 2351 pr.
409 2290 449 2350 ξς.
460 2301 480 2339 1.
490 2301 510 2340 2.
521 2301 541 2339 s.
552 2302 585 2340 10.
600 2290 631 2338 L.
643 2299 676 2340 15.
691 2291 714 2350 t.
724 2301 744 2340 s.
764 2288 796 2336 D.
807 2288 839 2337 de
849 2288 899 2336 tur.
911 2289 971 2350 fisci
981 2286 1025 2352 (aa,
1035 2286 1080 2354 14).

131 2354 151 2423 ⁸)
171 2358 283 2408 Addidit
300 2374 335 2408 ecc
352 2358 455 2408 Sauinii
473 2362 505 2423 ej.
526 2359 575 2408 Kr.
594 2361 633 2409 ed.
653 2359 720 2408 Ante
738 2375 760 2409 v.
781 2369 801 2408 2.
829 2355 897 2423 ‘Ipsi
915 2366 1012 2407 tautum
1030 2374 1081 2408 nora

130 2426 215 2479 etiam'
232 2432 408 2492 suppleueram
421 2431 479 2479 edd.
494 2443 513 2480 1.
529 2441 549 2479 2.
609 2429 631 2494 ⁴)
646 2430 678 2479 Io
695 2426 751 2480 CK'.
771 2429 813 2478 dic
824 2430 961 2493 perforato
975 2436 1021 2478 aut
1034 2430 1081 2477 nisi

129 2501 151 2548 ci
165 2501 259 2548 ostendi
273 2501 374 2549 autnisi
383 2500 493 2548 hostendi
503 2507 588 2562 potest
599 2501 689 2562 fuisse.
743 2496 764 2565 ὅ)
778 2499 810 2549 Ira
822 2500 847 2550 C.
862 2503 986 2562 scriptam
998 2500 1081 2563 fuisse

125 2577 192 2632 puta
210 2570 313 2631 uolunt,
332 2576 360 2618 ut
378 2572 405 2618 io
426 2569 491 2618 Gaio
511 2577 597 2632 potest.
617 2592 650 2612 =
669 2577 785 2633 potestate
804 2577 851 2619 etc.
880 2571 918 2633 Cf.
938 2570 1032 2632 Papio.
1053 2572 1081 2619 ira

132 2639 221 2688 Gottat.
237 2650 257 2700 a,
273 2650 292 2689 c.
307 2647 333 2689 et
351 2639 382 2688 L.
396 2650 423 2690 45
438 2638 484 2704 (46)
494 2655 538 2702 pr.
562 2640 594 2688 D.
609 2641 641 2689 de
654 2656 712 2706 nep.
725 2648 788 2706 pest.
805 2639 839 2706 (e,
854 2639 884 2705 5).
950 2637 971 2706 θ)
986 2639 1080 2689 Boeeir.

129 2716 232 2759 secutas
250 2709 355 2759 Laetam.
370 2725 422 2772 pro
442 2712 581 2760 uoluntatis
596 2711 662 2774 fecit
683 2713 793 2776 uiporis,
811 2726 862 2774 pro
882 2704 1080 2759 uellet'uateret.

131 2779 218 2844 Neque
232 2795 292 2829 aero
307 2780 476 2839 Hadrianus,
495 2797 529 2830 ara
543 2784 672 2844 patuerit,
691 2783 738 2831 sed
755 2797 789 2830 aa
807 2783 917 2831 voluerit
936 2781 1081 2843 defamatus,

130 2852 221 2914 quaeri
235 2853 323 2914 uoluit,
338 2867 418 2915 neque
429 2853 493 2914 fisco
507 2852 553 2900 sed
566 2852 656 2901 heredi
670 2854 786 2901 iniunxit
795 2851 980 2915 probationem.
1000 2852 1032 2899 L.
1047 2863 1081 2903 lt.

130 2923 153 2982 ἓ.
168 2931 189 2972 5.
204 2921 236 2969 D.
251 2920 284 2970 ib.
355 2920 375 2987 7)
393 2922 572 2984 CfiL.1³pr.
593 2924 616 2984 ξ.
631 2935 664 2973 10.
685 2923 717 2972 L.
732 2933 752 2972 2.
772 2925 794 2983 §-
810 2934 830 2974 t.
854 2923 886 2971 D.
906 2923 937 2971 de
957 2924 1007 2970 iur.
1026 2924 1080 2984 fisa.

131 2989 175 3055 (aa,
190 2988 234 3055 14).
300 2989 321 3057 8)
338 2992 376 3056 Of.
393 2992 671 3050 detumescitis.
696 2992 751 3056 lltp.
766 3005 787 3051 1,
801 3004 835 3043 ar.
850 3003 884 3051 aa,
900 3005 932 3044 1a.
997 2989 1019 3059 ⁰)
1034 2994 1080 3041 nisi

129 3060 211 3110 scribi
225 3063 278 3110 uult
292 3062 340 3111 Kr.
356 3065 428 3112 mate.
482 3060 513 3128 ²⁰)
531 3063 595 3112 Nam
609 3066 676 3113 alias
687 3065 767 3126 fiscus
781 3079 798 3112 a
812 3064 943 3127 deferente
957 3079 983 3112 se
993 3065 1081 3113 saltem

129 3133 264 3181 dimidiam
277 3132 359 3182 debet.
410 3130 443 3199 11)
457 3133 501 3182 Ad
514 3136 662 3183 sententiam
671 3136 796 3199 supplevi,
811 3142 839 3183 ut
847 3140 995 3197 appareret,
1005 3135 1081 3182 etiam

129 3209 272 3266 aequantem
290 3205 313 3264 §-
328 3219 406 3267 passe
424 3212 493 3254 recte
512 3207 652 3267 suppletam
670 3219 731 3254 esse.
759 3203 889 3267 Scriptum
903 3204 987 3266 fuisse
1001 3210 1082 3266 puta:

130 3265 411 3334 retict.apmiumtert.1
442 3275 479 3338 Cf.
495 3275 526 3323 L.
538 3287 571 3326 la.
586 3277 609 3336 ξ.
620 3289 640 3326 1.
660 3275 692 3324 D.
703 3277 734 3325 de
748 3277 800 3324 iar.
812 3277 867 3337 fise.
883 3272 927 3337 (49,
938 3272 982 3337 14).
1011 3272 1080 3332 Quae

129 3342 224 3393 Boecle.
235 3347 382 3408 proposuit,
397 3352 448 3395 tres
463 3360 552 3394 versas
567 3348 699 3409 complent,
713 3360 778 3409 quae
792 3359 838 3409 epo
853 3344 911 3393 edd.
927 3356 946 3394 1.
962 3354 992 3405 2.,
1007 3344 1080 3394 duos.

130 3413 169 3461 De
178 3414 262 3464 edicto
277 3415 309 3465 D.
329 3415 438 3465 Traiani
451 3431 511 3466 aero
526 3418 578 3465 iam
587 3423 645 3465 ante
656 3419 682 3464 in
693 3432 743 3466 oon
754 3417 870 3478 capiente
880 3413 957 3463 Ictus
967 3415 1080 3464 dixerat.

133 3479 166 3546 Π)
186 3483 282 3535 Vocum
301 3483 331 3535 ‘e
346 3484 500 3550 prouincia'
522 3485 604 3553 (epu-a)
623 3489 730 3551 uestigia
748 3492 886 3549 supersunt
904 3486 931 3534 in
952 3481 1009 3534 Gssi.

134 3548 167 3617 18)
182 3552 268 3603 Etiam
280 3555 327 3606 doe
340 3557 405 3607 duos
419 3572 508 3607 amous
522 3573 590 3607 nunc
604 3572 638 3606 era
655 3555 704 3606 0¹st
717 3558 826 3606 restitui.
